{"BETTERMENT": [{"ein": "010581247", "name": "ALBION BETTERMENT COMMITTEE", "city": "SPENCERPORT", "state": "NY", "zip": "14559-9560", "ntee": "A80", "ruling": "200406", "deductibility": "1", "assets": 0, "income": 0, "revenue": 0}, {"ein": "113349640", "name": "COMMUNITY BETTERMENT & WELFARE OF THE NEEDY", "city": "GREAT RIVER", "state": "NY", "zip": "11739-0710", "ntee": "P20", "ruling": "199906", "deductibility": "1", "assets": 0, "income": 0, "revenue": 0}, {"ein": "136192384", "name": "LIONS CLUB OF MOUNT KISCO COMMUNITY BETTERMENT FUND", "city": "MOUNT KISCO", "state": "NY", "zip": "10549-0187", "ntee": "S80Z", "ruling": "196512", "deductibility": "1", "assets": 0, "income": 0, "revenue": 0}, {"ein": "161782181", "name": "BELMONT BETTERMENT ASSOCIATION", "city": "BELMONT", "state": "NY", "zip": "14813-0022", "ntee": "C50", "ruling": "200711", "deductibility": "2", "assets": 314742, "income": 0, "revenue": 0}, {"ein": "237091950", "name": "MECHANICAL TRADES BETTERMENT FUND EMPLOYEES TRUST", "city": "LATHAM", "state": "NY", "zip": "12110-2605", "ntee": "", "ruling": "197101", "deductibility": "2", "assets": 865912, "income": 614875, "revenue": 614875}, {"ein": "300048898", "name": "OWEGO REVITALIZATION AND BETTERMENT CORP", "city": "OWEGO", "state": "NY", "zip": "13827-1612", "ntee": "S31", "ruling": "200312", "deductibility": "1", "assets": 0, "income": 0, "revenue": 0}, {"ein": "474589965", "name": "ROCHESTER COMMUNITY BETTERMENT INC", "city": "ROCHESTER", "state": "NY", "zip": "14619-1418", "ntee": "P19", "ruling": "201508", "deductibility": "1", "assets": 0, "income": 0, "revenue": 0}, {"ein": "813048878", "name": "OAKFIELD BETTERMENT COMMITTEE INC", "city": "OAKFIELD", "state": "NY", "zip": "14125-0002", "ntee": "N12", "ruling": "201806", "deductibility": "1", "assets": 30936, "income": 101177, "revenue": 27478}, {"ein": "884416906", "name": "CHENANGO FORKS CENTRAL SCHOOL DISTRICT BETTERMENT FOUNDATION", "city": "BINGHAMTON", "state": "NY", "zip": "13901-5620", "ntee": "B12", "ruling": "202302", "deductibility": "1", "assets": 0, "income": 0, "revenue": 0}, {"ein": "933168480", "name": "HUMAN BETTERMENT PROJECT INC", "city": "ROCHESTER", "state": "NY", "zip": "14624-5808", "ntee": "T99", "ruling": "202310", "deductibility": "1", "assets": 0, "income": 0, "revenue": 0}, {"ein": "991209432", "name": "FULTON BETTERMENT CORPORATION", "city": "FULTON", "state": "NY", "zip": "13069-1704", "ntee": "P60", "ruling": "202402", "deductibility": "1", "assets": 21668, "income": 20947, "revenue": 7711}], "WORLD": [{"ein": "010660984", "name": "FOR ONE WORLD", "city": "NEW YORK", "state": "NY", "zip": "10012-2934", "ntee": "B99", "ruling": "200210", "deductibility": "1", "assets": 0, "income": 0, "revenue": 0}, {"ein": "030438399", "name": "WORLD WISE INSTITUTE NPCL", "city": "NEW YORK", "state": "NY", "zip": "10011-1526", "ntee": "D31", "ruling": "200307", "deductibility": "1", "assets": 0, "income": 0, "revenue": 0}, {"ein": "030483824", "name": "WORLD EDUCATION AND DEVELOPMENT FUND", "city": "NEW YORK", "state": "NY", "zip": "10038-3703", "ntee": "T30", "ruling": "200307", "deductibility": "1", "assets": 1686527, "income": 1537673, "revenue": 1035860}, {"ein": "042718182", "name": "WORLD ANIMAL PROTECTION", "city": "NEW YORK", "state": "NY", "zip": "10018-2552", "ntee": "D200", "ruling": "198107", "deductibility": "1", "assets": 13833273, "income": 7273221, "revenue": 7250863}, {"ein": "061418276", "name": "WORLD PAL INC", "city": "SHRUB OAK", "state": "NY", "zip": "10588-0234", "ntee": "C60", "ruling": "201503", "deductibility": "1", "assets": 0, "income": 0, "revenue": 0}, {"ein": "061487722", "name": "LIGHT OF THE WORLD ASSEMBLIES OF GOD", "city": "ROCHESTER", "state": "NY", "zip": "14626-3204", "ntee": "", "ruling": "196408", "deductibility": "1", "assets": 0, "income": 0, "revenue": 0}, {"ein": "061563137", "name": "LIGHT OF THE WORLD CHURCH INC", "city": "E MEADOW", "state": "NY", "zip": "11554-0115", "ntee": "X20", "ruling": "200009", "deductibility": "1", "assets": 0, "income": 0, "revenue": 0}, {"ein": "061582256", "name": "WORLD IS OUR NEIGHBORHOOD INC", "city": "NEW YORK", "state": "NY", "zip": "10024-0000", "ntee": "O30", "ruling": "200011", "deductibility": "1", "assets": 57642, "income": 25000, "revenue": 0}, {"ein": "061606769", "name": "WORLD WIDE PHILANTHROPIC ASSOCIATION INC", "city": "BROOKLYN", "state": "NY", "zip": "11235-7135", "ntee": "T50", "ruling": "200205", "deductibility": "1", "assets": 0, "income": 0, "revenue": 0}, {"ein": "061637909", "name": "LIGHT TO THE WORLD FOUNDATION INC", "city": "LONG IS CITY", "state": "NY", "zip": "11101-1042", "ntee": "X20", "ruling": "196911", "deductibility": "1", "assets": 24585, "income": 219912, "revenue": 219912}, {"ein": "061762973", "name": "WORLD HUNGER FOUNDATION", "city": "NEW YORK", "state": "NY", "zip": "10150-1752", "ntee": "Q30", "ruling": "201110", "deductibility": "1", "assets": 1054367, "income": 950186, "revenue": 950186}, {"ein": "061769785", "name": "WORLD DAY OF PRAYER USA", "city": "NEW YORK", "state": "NY", "zip": "10115-0041", "ntee": "X11", "ruling": "202411", "deductibility": "1", "assets": 134504, "income": 87593, "revenue": 73636}, {"ein": "110685358", "name": "WORLD HARVESTERS OUTREACH MINISTRIES CONFERENCES & CRUSADES", "city": "BROOKLYN", "state": "NY", "zip": "11226-1501", "ntee": "X20", "ruling": "200208", "deductibility": "1", "assets": 0, "income": 0, "revenue": 0}, {"ein": "112438619", "name": "WORLD LEARNING COMMUNICATION", "city": "BROOKLYN", "state": "NY", "zip": "11213-4449", "ntee": "", "ruling": "197712", "deductibility": "1", "assets": 0, "income": 0, "revenue": 0}, {"ein": "112453480", "name": "WORLD MESSIANIC FELLOWSHIPS INC CO", "city": "SMITHTOWN", "state": "NY", "zip": "11787-2804", "ntee": "", "ruling": "197902", "deductibility": "1", "assets": 0, "income": 0, "revenue": 0}, {"ein": "112514890", "name": "MAIMON WORLD CENTER FOR JUDAIC SCHOLARSHIP AND RESEARCH INC", "city": "BRONX", "state": "NY", "zip": "10471-3310", "ntee": "", "ruling": "197907", "deductibility": "1", "assets": 34625, "income": 44830, "revenue": 44830}, {"ein": "112553300", "name": "WORLD TABERNACLE APOSTOLIC HOLINESS INC", "city": "BKLYN", "state": "NY", "zip": "11221-1304", "ntee": "", "ruling": "198103", "deductibility": "1", "assets": 0, "income": 0, "revenue": 0}, {"ein": "112597538", "name": "WORLD HARVEST COMMUNITY CENTER", "city": "BROOKLYN", "state": "NY", "zip": "11220-4712", "ntee": "", "ruling": "198206", "deductibility": "1", "assets": 0, "income": 0, "revenue": 0}, {"ein": "112616182", "name": "BETTER WORLD J L INSTITUTE", "city": "BROOKLYN", "state": "NY", "zip": "11201-5597", "ntee": "Q99Z", "ruling": "198302", "deductibility": "1", "assets": 0, "income": 0, "revenue": 0}, {"ein": "112653104", "name": "LIFE IN LOVE CRUSADE EVANGELICAL WORLD MISSION INC", "city": "BROOKLYN", "state": "NY", "zip": "11203-4118", "ntee": "", "ruling": "198310", "deductibility": "1", "assets": 0, "income": 0, "revenue": 0}, {"ein": "112720239", "name": "CALVARY WORLD MISSION CHURCH", "city": "OYSTER BAY", "state": "NY", "zip": "11771-4304", "ntee": "", "ruling": "198506", "deductibility": "1", "assets": 0, "income": 0, "revenue": 0}, {"ein": "112812343", "name": "CHINESE COORDINATION CENTER OF WORLD EVANGELISM", "city": "BROOKLYN", "state": "NY", "zip": "11209-3706", "ntee": "", "ruling": "198609", "deductibility": "1", "assets": 0, "income": 0, "revenue": 0}, {"ein": "112948645", "name": "WORLD JOURNAL CULTURE FOUNDATION INC", "city": "WHITESTONE", "state": "NY", "zip": "11357-3097", "ntee": "", "ruling": "198909", "deductibility": "1", "assets": 141885, "income": 3732, "revenue": 0}, {"ein": "112972491", "name": "WORD OF JESUS WORLD OUTREACH CHURCH CENTER", "city": "HOLBROOK", "state": "NY", "zip": "11741-4615", "ntee": "", "ruling": "198912", "deductibility": "1", "assets": 0, "income": 0, "revenue": 0}, {"ein": "112981425", "name": "WORLD MISSIONS ASSEMBLY INC", "city": "BROOKLYN", "state": "NY", "zip": "11210-1439", "ntee": "", "ruling": "199207", "deductibility": "1", "assets": 0, "income": 0, "revenue": 0}, {"ein": "112986447", "name": "WORLD RED SWASTIKA SOCIETY OF AMERICA INC", "city": "FLUSHING", "state": "NY", "zip": "11352-7713", "ntee": "", "ruling": "199005", "deductibility": "1", "assets": 294791, "income": 33819, "revenue": 33819}, {"ein": "113036425", "name": "NETWORK AFRICA FOR TODAYS WORLD CITIZEN", "city": "BROOKLYN", "state": "NY", "zip": "11221-2817", "ntee": "", "ruling": "199306", "deductibility": "1", "assets": 0, "income": 0, "revenue": 0}, {"ein": "113054732", "name": "WORLD OF CHURCHES OF THE MT OLIVET DISCIPLESHIP IN CHRIST INC", "city": "BROOKLYN", "state": "NY", "zip": "11203-2015", "ntee": "", "ruling": "199211", "deductibility": "1", "assets": 0, "income": 0, "revenue": 0}, {"ein": "113080063", "name": "ONE WORLD ARTS INCORPORATED", "city": "BRONX", "state": "NY", "zip": "10464-1624", "ntee": "P20", "ruling": "201402", "deductibility": "1", "assets": 651, "income": 60699, "revenue": 60699}, {"ein": "113082575", "name": "WORLD BUDDHIST CHAN JING CENTER INC", "city": "WALKER VALLEY", "state": "NY", "zip": "12588-0455", "ntee": "", "ruling": "199302", "deductibility": "1", "assets": 0, "income": 0, "revenue": 0}, {"ein": "113115119", "name": "ASTORIA RESIDENTS RECLAIMING OUR WORLD INC", "city": "BROOKLYN", "state": "NY", "zip": "11211-4063", "ntee": "C410", "ruling": "199601", "deductibility": "1", "assets": 0, "income": 0, "revenue": 0}, {"ein": "113116773", "name": "WORLD MISSION CHURCH OF THE CHRISTIAN AND MISSIONARY ALLIANCE", "city": "OAKLAND GDNS", "state": "NY", "zip": "11364-2235", "ntee": "", "ruling": "197205", "deductibility": "1", "assets": 0, "income": 0, "revenue": 0}, {"ein": "113119342", "name": "HUMANITARIANS OF THE WORLD INC", "city": "ELMHURST", "state": "NY", "zip": "11373-1845", "ntee": "", "ruling": "199210", "deductibility": "1", "assets": 22382, "income": 32150, "revenue": 32150}, {"ein": "113193278", "name": "ST MICHAELS FAITH & HOPE MYSTICAL ORDER OF THE WORLD", "city": "BROOKLYN", "state": "NY", "zip": "11226-7514", "ntee": "X20I", "ruling": "199605", "deductibility": "1", "assets": 0, "income": 0, "revenue": 0}, {"ein": "113200835", "name": "CHURCH OF CHRIST HOLY SPIRIT SCIENCE OF MIND WORLD MISSION INC", "city": "ASTORIA", "state": "NY", "zip": "11105-2133", "ntee": "X21Z", "ruling": "199503", "deductibility": "1", "assets": 0, "income": 0, "revenue": 0}, {"ein": "113213140", "name": "LUKE WORLD MISSION", "city": "WHITESTONE", "state": "NY", "zip": "11354-2501", "ntee": "X21", "ruling": "199508", "deductibility": "1", "assets": 0, "income": 0, "revenue": 0}, {"ein": "113226632", "name": "HAN MA UM WORLD PRAYER MISSION INC", "city": "CORONA", "state": "NY", "zip": "11368-2623", "ntee": "", "ruling": "199411", "deductibility": "1", "assets": 0, "income": 0, "revenue": 0}, {"ein": "113231195", "name": "WORLD EVANGELISM NETWORK ROYAL WORD ASSEMBLY INC", "city": "BROOKLYN", "state": "NY", "zip": "11225-3224", "ntee": "X21Z", "ruling": "199504", "deductibility": "1", "assets": 0, "income": 0, "revenue": 0}, {"ein": "113243720", "name": "WORLD OF DISCOVERY DAY CAMP OF QUEENS INC", "city": "BAY TERRACE", "state": "NY", "zip": "11360-4010", "ntee": "T20", "ruling": "200206", "deductibility": "1", "assets": 906852, "income": 3274728, "revenue": 3274728}, {"ein": "113250840", "name": "WORLD SPIRITUAL FULFILLMENT CENTER INC", "city": "QUEENS VLG", "state": "NY", "zip": "11428-1056", "ntee": "X99Z", "ruling": "199709", "deductibility": "1", "assets": 0, "income": 0, "revenue": 0}, {"ein": "113256222", "name": "NON-DENOMINATIONAL ASSEMBLY OF GOD IN CHRIST WORLD-WIDE FELLOWSHIP", "city": "BROOKLYN", "state": "NY", "zip": "11233-3033", "ntee": "X20Z", "ruling": "199509", "deductibility": "1", "assets": 0, "income": 0, "revenue": 0}, {"ein": "113273450", "name": "IMPROVED BENEVOLENT & PROTECTIVE ORDER OF ELKS OF THE WORLD", "city": "JAMAICA", "state": "NY", "zip": "11434-2335", "ntee": "", "ruling": "194203", "deductibility": "0", "assets": 0, "income": 0, "revenue": 0}, {"ein": "113275328", "name": "WORLD HARVEST DELIVERANCE CENTER", "city": "FAR ROCKAWAY", "state": "NY", "zip": "11691-4001", "ntee": "X99Z", "ruling": "199706", "deductibility": "1", "assets": 0, "income": 0, "revenue": 0}, {"ein": "113291683", "name": "CHRISTIAN CHURCH LIGHT OF THE WORLD INC", "city": "BROOKLYN", "state": "NY", "zip": "11220-0000", "ntee": "X21", "ruling": "200402", "deductibility": "1", "assets": 0, "income": 0, "revenue": 0}, {"ein": "113318854", "name": "PHEBES WORLD MINISTRY INC", "city": "CENTRAL ISLIP", "state": "NY", "zip": "11722-2619", "ntee": "X20Z", "ruling": "199701", "deductibility": "1", "assets": 0, "income": 0, "revenue": 0}, {"ein": "113323571", "name": "TOUCHING YOUR WORLD MINISTRIES INC", "city": "SOUTH RICHMOND HILL", "state": "NY", "zip": "11419-0000", "ntee": "", "ruling": "199703", "deductibility": "1", "assets": 0, "income": 0, "revenue": 0}, {"ein": "113327576", "name": "REDEMPTION COMMUNITY WORLD MINISTRIES INC", "city": "BROOKLYN", "state": "NY", "zip": "11234-1302", "ntee": "X20Z", "ruling": "199706", "deductibility": "1", "assets": 0, "income": 0, "revenue": 0}, {"ein": "113334959", "name": "HOPE RESTORATION MINISTRIES WORLD-WIDE INC", "city": "QUEENS VLG", "state": "NY", "zip": "11429-1621", "ntee": "X20Z", "ruling": "199801", "deductibility": "1", "assets": 787082, "income": 114673, "revenue": 114673}, {"ein": "113348939", "name": "COLONIAL WORLD MISSION CHURCH INC", "city": "BAYSIDE", "state": "NY", "zip": "11361-3539", "ntee": "X21Z", "ruling": "199709", "deductibility": "1", "assets": 0, "income": 0, "revenue": 0}, {"ein": "113394944", "name": "LENOX WORLD MISSION INC", "city": "BRENTWOOD", "state": "NY", "zip": "11717-1041", "ntee": "X20", "ruling": "200003", "deductibility": "1", "assets": 119630, "income": 198419, "revenue": 198419}, {"ein": "113405476", "name": "WORLD ISLAMIC MISSION INTERNATIONAL INC", "city": "JAMAICA", "state": "NY", "zip": "11435-5117", "ntee": "X40Z", "ruling": "199804", "deductibility": "1", "assets": 0, "income": 0, "revenue": 0}, {"ein": "113409004", "name": "GOOD SAMARITAN WORLD MISSION INC", "city": "ELMHURST", "state": "NY", "zip": "11373-4836", "ntee": "X20Z", "ruling": "199807", "deductibility": "1", "assets": 0, "income": 0, "revenue": 0}, {"ein": "113422188", "name": "NEW WORLD EDUCATIONAL CENTER", "city": "SPRINGFIELD GARDENS", "state": "NY", "zip": "11434-0000", "ntee": "B20", "ruling": "199909", "deductibility": "1", "assets": 457854, "income": 192000, "revenue": 192000}, {"ein": "113430822", "name": "GREYSHEETERS ANONYMOUS WORLD SERVICES INC", "city": "W HEMPSTEAD", "state": "NY", "zip": "11552-2639", "ntee": "G99", "ruling": "201406", "deductibility": "1", "assets": 180815, "income": 35141, "revenue": 35141}, {"ein": "113440387", "name": "WORLD MISSION OF NEW YORK INC", "city": "CTR MORICHES", "state": "NY", "zip": "11934-2906", "ntee": "S20Z", "ruling": "199810", "deductibility": "1", "assets": 985, "income": 9890, "revenue": 0}, {"ein": "113463646", "name": "AMOS WORLD MISSION FOUNDATION", "city": "BEECHHURST", "state": "NY", "zip": "11357-2930", "ntee": "S31", "ruling": "199810", "deductibility": "1", "assets": 0, "income": 0, "revenue": 0}, {"ein": "113475151", "name": "WORLD OF WOMEN IMMIGRANTS INC", "city": "GREAT NECK", "state": "NY", "zip": "11023-2140", "ntee": "P80", "ruling": "201108", "deductibility": "1", "assets": 22960, "income": 34827, "revenue": 34827}, {"ein": "113482685", "name": "OBSESSIVE COMPULSIVE ANONYMOUS WORLD SERVICES INC", "city": "NEW HYDE PARK", "state": "NY", "zip": "11040-2405", "ntee": "F50", "ruling": "199910", "deductibility": "1", "assets": 0, "income": 0, "revenue": 0}, {"ein": "113494954", "name": "WORLD HOPE INC", "city": "BROOKLYN", "state": "NY", "zip": "11219-1604", "ntee": "X30", "ruling": "199910", "deductibility": "1", "assets": 0, "income": 0, "revenue": 0}, {"ein": "113521064", "name": "ST ANTHONY EVANGELIST DIVINE TABERNACLE OF THE WORLD INC", "city": "JAMAICA", "state": "NY", "zip": "11435-4506", "ntee": "X21", "ruling": "200002", "deductibility": "1", "assets": 0, "income": 0, "revenue": 0}, {"ein": "113548856", "name": "MIRACLE CORNERS OF THE WORLD INC", "city": "NEW YORK", "state": "NY", "zip": "10016-7369", "ntee": "Q330", "ruling": "200109", "deductibility": "1", "assets": 2351057, "income": 1051983, "revenue": 1051983}, {"ein": "113572515", "name": "REACHING ACROSS THE WORLD MINISTRIES", "city": "BROOKLYN", "state": "NY", "zip": "11206-2423", "ntee": "X21", "ruling": "200104", "deductibility": "1", "assets": 0, "income": 0, "revenue": 0}, {"ein": "113602805", "name": "OUR WORLD NEIGHBORHOOD CHARTER SCHOOL", "city": "ASTORIA", "state": "NY", "zip": "11106-1227", "ntee": "B29", "ruling": "200110", "deductibility": "1", "assets": 133502219, "income": 32882227, "revenue": 32882227}, {"ein": "113622584", "name": "CALVARY CATHEDRAL OF PRAISE WORLD OUTREACH CENTER INC", "city": "BROOKLYN", "state": "NY", "zip": "11218-1805", "ntee": "X21", "ruling": "200706", "deductibility": "1", "assets": 0, "income": 0, "revenue": 0}, {"ein": "113633985", "name": "ONE WORLD SYMPHONY", "city": "NEW YORK", "state": "NY", "zip": "10018-7735", "ntee": "A69", "ruling": "200510", "deductibility": "1", "assets": 0, "income": 0, "revenue": 0}, {"ein": "113673746", "name": "SOBORNOST FOR THE WORLD FOUNDATION INC", "city": "AQUEBOGUE", "state": "NY", "zip": "11931-0665", "ntee": "Q30", "ruling": "200310", "deductibility": "1", "assets": 41654, "income": 41685, "revenue": 27789}, {"ein": "131679617", "name": "ALCOHOLICS ANONYMOUS WORLD SERVICES INC", "city": "NEW YORK", "state": "NY", "zip": "10115-0002", "ntee": "F200", "ruling": "196308", "deductibility": "1", "assets": 10265907, "income": 14936181, "revenue": 14936181}, {"ein": "131682903", "name": "ASSOCIATION FOR WORLD TRAVEL EXCHANGE INC", "city": "NEW YORK", "state": "NY", "zip": "10024-2502", "ntee": "Q22", "ruling": "199812", "deductibility": "1", "assets": 540437, "income": 624796, "revenue": 624796}, {"ein": "131790756", "name": "WORLD JEWISH CONGRESS AMERICAN SECTION INC", "city": "NEW YORK", "state": "NY", "zip": "10022-5602", "ntee": "X010", "ruling": "195306", "deductibility": "1", "assets": 13355567, "income": 35741933, "revenue": 24673144}, {"ein": "131876351", "name": "WORLD CONFEDERATION OF UNITED ZIONISTS", "city": "NEW YORK", "state": "NY", "zip": "10019-6036", "ntee": "Q99Z", "ruling": "199512", "deductibility": "1", "assets": 423145, "income": 0, "revenue": 0}, {"ein": "131919791", "name": "NEW WORLD FOUNDATION", "city": "NEW YORK", "state": "NY", "zip": "10024-1006", "ntee": "T310", "ruling": "195906", "deductibility": "1", "assets": 123511998, "income": 85410846, "revenue": 20326734}, {"ein": "131930176", "name": "THE WORLD UNION FOR PROGRESSIVE JUDAISM LTD", "city": "NEW YORK", "state": "NY", "zip": "10012-1105", "ntee": "", "ruling": "196210", "deductibility": "1", "assets": 0, "income": 0, "revenue": 0}, {"ein": "132571900", "name": "WORLD MONUMENTS FUND INC", "city": "NEW YORK", "state": "NY", "zip": "10020-2309", "ntee": "A800", "ruling": "196505", "deductibility": "1", "assets": 79907342, "income": 77738396, "revenue": 26132881}, {"ein": "132621829", "name": "BETTER WORLD FUND", "city": "OSSINING", "state": "NY", "zip": "10562-3713", "ntee": "Q42", "ruling": "201101", "deductibility": "1", "assets": 0, "income": 0, "revenue": 0}, {"ein": "132624257", "name": "CAMERA NEWS INC D B A THIRD WORLD NEWSREEL", "city": "NEW YORK", "state": "NY", "zip": "10018-4971", "ntee": "A31Z", "ruling": "198811", "deductibility": "1", "assets": 2174783, "income": 1481532, "revenue": 1481532}, {"ein": "132644507", "name": "WORLD TRADE CENTERS ASSOCIATION INC", "city": "NEW YORK", "state": "NY", "zip": "10006-1629", "ntee": "", "ruling": "197006", "deductibility": "2", "assets": 23857209, "income": 8624291, "revenue": 6402722}, {"ein": "132671065", "name": "WORLD CONFERENCE OF RELIGIONS FOR PEACE INC", "city": "NEW YORK", "state": "NY", "zip": "10017-3521", "ntee": "Q410", "ruling": "198811", "deductibility": "1", "assets": 8230006, "income": 4254203, "revenue": 3381723}, {"ein": "132686230", "name": "WORLD ZIONIST ORGANIZATION AMERICAN SECTION INC", "city": "NEW YORK", "state": "NY", "zip": "10017-8157", "ntee": "B99", "ruling": "197110", "deductibility": "1", "assets": 931250, "income": 6777052, "revenue": 6777052}, {"ein": "132687426", "name": "CATHEDRAL OF LEARNING OF AMERICAN WORLD PATRIARCHATES INC", "city": "OSSINING", "state": "NY", "zip": "10562-4103", "ntee": "", "ruling": "197202", "deductibility": "1", "assets": 0, "income": 0, "revenue": 0}, {"ein": "132705867", "name": "WORLD FEDERATION OF UNITED NATIONS ASSOCIATIONS", "city": "NEW YORK", "state": "NY", "zip": "10017-3504", "ntee": "Q420", "ruling": "197302", "deductibility": "1", "assets": 219882, "income": 1232525, "revenue": 1232525}, {"ein": "132918252", "name": "LING LIANG WORLD-WIDE EVANGELISTIC MISSION INC", "city": "NEW YORK", "state": "NY", "zip": "10002-0000", "ntee": "", "ruling": "197802", "deductibility": "1", "assets": 0, "income": 0, "revenue": 0}, {"ein": "133014192", "name": "WORLD DAY OF PRAYER INTERNATIONAL COMMITTEE INC", "city": "NEW YORK", "state": "NY", "zip": "10115-0069", "ntee": "X99Z", "ruling": "199401", "deductibility": "1", "assets": 2485149, "income": 602988, "revenue": 602988}, {"ein": "133051768", "name": "WORLD ASSOCIATION OF FORMER UNITED NATIONS INTERNES AND FELLOWS INC", "city": "NEW YORK", "state": "NY", "zip": "10017-4403", "ntee": "Q42", "ruling": "198104", "deductibility": "1", "assets": 0, "income": 0, "revenue": 0}, {"ein": "133134190", "name": "WORLD EVANGELICAL DELIVERANCE CENTER INC", "city": "BRONX", "state": "NY", "zip": "10456-3403", "ntee": "", "ruling": "200904", "deductibility": "1", "assets": 0, "income": 0, "revenue": 0}, {"ein": "133179151", "name": "ONE TO WORLD INC", "city": "NEW YORK", "state": "NY", "zip": "10001-6472", "ntee": "Q220", "ruling": "198411", "deductibility": "1", "assets": 337448, "income": 981327, "revenue": 875861}, {"ein": "133185324", "name": "WORLD SHIP SOCIETY PORT OF NY", "city": "NEW YORK", "state": "NY", "zip": "10185-0384", "ntee": "", "ruling": "198404", "deductibility": "2", "assets": 0, "income": 0, "revenue": 0}, {"ein": "133219380", "name": "WORLD WINGS INTERNATIONAL INC", "city": "NEW YORK", "state": "NY", "zip": "10022-4728", "ntee": "", "ruling": "198707", "deductibility": "1", "assets": 422418, "income": 433964, "revenue": 403146}, {"ein": "133300982", "name": "WORLD TELEPORT ASSOCIATION INC", "city": "NEW YORK", "state": "NY", "zip": "10177-0799", "ntee": "", "ruling": "198601", "deductibility": "2", "assets": 376026, "income": 555467, "revenue": 555467}, {"ein": "133323045", "name": "WORLD MUSIC INSTITUTE INC", "city": "BROOKLYN", "state": "NY", "zip": "11201-8359", "ntee": "A200", "ruling": "198703", "deductibility": "1", "assets": 538469, "income": 879702, "revenue": 878500}, {"ein": "133505521", "name": "SERVANTS OF THE POOR OF THE THIRD WORLD INC", "city": "W BABYLON", "state": "NY", "zip": "11704-4558", "ntee": "Q330", "ruling": "199410", "deductibility": "1", "assets": 38692, "income": 27753, "revenue": 27753}, {"ein": "133507901", "name": "COME WORLD MINISTRIES INC", "city": "BRONX", "state": "NY", "zip": "10473-3502", "ntee": "", "ruling": "198905", "deductibility": "1", "assets": 0, "income": 0, "revenue": 0}, {"ein": "133540144", "name": "WORLD INFORMATION TRANSFER INC", "city": "NEW YORK", "state": "NY", "zip": "10065-6036", "ntee": "C300", "ruling": "199404", "deductibility": "1", "assets": 199218, "income": 123659, "revenue": 3248}, {"ein": "133560749", "name": "WORLD GLORIOUS PRESBYTERIAN CHURCH", "city": "STATEN ISLAND", "state": "NY", "zip": "10314-1672", "ntee": "", "ruling": "199404", "deductibility": "1", "assets": 0, "income": 0, "revenue": 0}, {"ein": "133588908", "name": "TRANS WORLD BUDDHIST ASSOCIATION INC", "city": "NEW YORK", "state": "NY", "zip": "10002-5203", "ntee": "", "ruling": "199106", "deductibility": "1", "assets": 0, "income": 0, "revenue": 0}, {"ein": "133601497", "name": "LIGHT OF THE WORLD MINISTRIES INC", "city": "HOPEWELL", "state": "NY", "zip": "12533-6575", "ntee": "X21", "ruling": "199707", "deductibility": "1", "assets": 0, "income": 0, "revenue": 0}, {"ein": "133612343", "name": "WORLD COMMUNITY FOUNDATION", "city": "NEW YORK", "state": "NY", "zip": "10023-0000", "ntee": "", "ruling": "199110", "deductibility": "1", "assets": 31339, "income": 145, "revenue": 0}, {"ein": "133712630", "name": "WOMENS FEDERATION FOR WORLD PEACE INC", "city": "NEW YORK", "state": "NY", "zip": "10001-1862", "ntee": "Q410", "ruling": "199504", "deductibility": "1", "assets": 429782, "income": 384495, "revenue": 383570}, {"ein": "133720010", "name": "HEY YOUNG WORLD INC", "city": "NEW YORK", "state": "NY", "zip": "10014-0709", "ntee": "B99", "ruling": "201612", "deductibility": "1", "assets": 0, "income": 0, "revenue": 0}, {"ein": "133742979", "name": "CHRISTIAN WORLD MINISTRIES", "city": "VLY COTTAGE", "state": "NY", "zip": "10989-1511", "ntee": "", "ruling": "199405", "deductibility": "1", "assets": 0, "income": 0, "revenue": 0}, {"ein": "133747492", "name": "TO THE STRUGGLE AGAINST WORLD TERRORISM CORP", "city": "NEW YORK", "state": "NY", "zip": "10022-0000", "ntee": "A20J", "ruling": "199505", "deductibility": "1", "assets": 1, "income": 1, "revenue": 0}, {"ein": "133776523", "name": "WORLD STUDIO FOUNDATION INC", "city": "NEW YORK", "state": "NY", "zip": "10011-2336", "ntee": "B82", "ruling": "199509", "deductibility": "1", "assets": 0, "income": 0, "revenue": 0}, {"ein": "133786325", "name": "INTER-RELIGIOUS FEDERATION FOR WORLD PEACE INC", "city": "TARRYTOWN", "state": "NY", "zip": "10591-5892", "ntee": "Q400", "ruling": "199606", "deductibility": "1", "assets": 0, "income": 0, "revenue": 0}, {"ein": "133794986", "name": "TRADITIONAL CHINESE MEDICINE WORLD FOUNDATION INC", "city": "NEW YORK", "state": "NY", "zip": "10001-6948", "ntee": "E85Z", "ruling": "199503", "deductibility": "1", "assets": 338952, "income": 244456, "revenue": 244456}, {"ein": "133796126", "name": "WOMENS FEDERATION FOR WORLD PEACE INTERNATIONAL INC", "city": "NEW YORK", "state": "NY", "zip": "10036-7416", "ntee": "Q400", "ruling": "199509", "deductibility": "1", "assets": 146451, "income": 230561, "revenue": 230561}, {"ein": "133852866", "name": "WORLD ORG & PUBLIC EDUCATION CORP OF THE NATL ASSOC FOR ADV OF PSYCH", "city": "NEW YORK", "state": "NY", "zip": "10019-4718", "ntee": "F80", "ruling": "202305", "deductibility": "1", "assets": 0, "income": 0, "revenue": 0}, {"ein": "133855478", "name": "WORLD COUNCIL OF PEOPLES FOR THE UNITED NATIONS", "city": "NEW YORK", "state": "NY", "zip": "10017-2317", "ntee": "K20", "ruling": "199511", "deductibility": "1", "assets": 26850, "income": 22330, "revenue": 22330}, {"ein": "133942097", "name": "I DREAM A WORLD FOUNDATION INC", "city": "NEW YORK", "state": "NY", "zip": "10023-4250", "ntee": "I20Z", "ruling": "199801", "deductibility": "1", "assets": 359231, "income": 332625, "revenue": 0}, {"ein": "133986595", "name": "REVIVAL CHRISTIAN CENTER WORLD MISSION", "city": "WHITE PLAINS", "state": "NY", "zip": "10602-0593", "ntee": "X20", "ruling": "200103", "deductibility": "1", "assets": 0, "income": 0, "revenue": 0}, {"ein": "134036600", "name": "DR JOY TO THE WORLD INC", "city": "MELVILLE", "state": "NY", "zip": "11747-4468", "ntee": "T21", "ruling": "200002", "deductibility": "1", "assets": 4053603, "income": 670142, "revenue": 0}, {"ein": "134043856", "name": "WORLD PEACE FOUNDATION", "city": "BRONX", "state": "NY", "zip": "10468-1042", "ntee": "X99", "ruling": "201410", "deductibility": "1", "assets": 0, "income": 0, "revenue": 0}, {"ein": "134054109", "name": "WORLD CONCERN WITH COMPASSION INC", "city": "NEW YORK", "state": "NY", "zip": "10029-4458", "ntee": "Q330", "ruling": "199908", "deductibility": "1", "assets": 22606, "income": 1, "revenue": 0}, {"ein": "134096810", "name": "MILLENNIUM WORLD PEACE SUMMIT INC", "city": "NEW YORK", "state": "NY", "zip": "10105-0008", "ntee": "Q42", "ruling": "200007", "deductibility": "1", "assets": 340003, "income": 156798, "revenue": 156798}, {"ein": "134126324", "name": "WORD TO WORLD MINISTRIES INC", "city": "TAPPAN", "state": "NY", "zip": "10983-2307", "ntee": "X20", "ruling": "200007", "deductibility": "1", "assets": 0, "income": 0, "revenue": 0}, {"ein": "134129493", "name": "WE THE WORLD INC", "city": "FOREST HILLS", "state": "NY", "zip": "11375-0651", "ntee": "Q40", "ruling": "200111", "deductibility": "1", "assets": 281569, "income": 1102556, "revenue": 1102556}, {"ein": "134137606", "name": "WORLD DIAMOND COUNCIL ASSN", "city": "NEW YORK", "state": "NY", "zip": "10036-4725", "ntee": "S46", "ruling": "200105", "deductibility": "2", "assets": 1148373, "income": 505730, "revenue": 505730}, {"ein": "134142142", "name": "WORLD ASSOCIATION OF NON-GOVERNMENTAL ORGANIZATIONS", "city": "NEW YORK", "state": "NY", "zip": "10017-1822", "ntee": "Q032", "ruling": "200108", "deductibility": "1", "assets": 0, "income": 0, "revenue": 0}, {"ein": "134147818", "name": "WORLD CHAN BUDDHIST ASSOCIATION", "city": "FLUSHING", "state": "NY", "zip": "11355-4742", "ntee": "X50", "ruling": "200005", "deductibility": "1", "assets": 0, "income": 0, "revenue": 0}, {"ein": "134150099", "name": "WORLD OF WOMEN S I INC", "city": "STATEN ISLAND", "state": "NY", "zip": "10312-6327", "ntee": "P20", "ruling": "200207", "deductibility": "1", "assets": 6562, "income": 12891, "revenue": 11826}, {"ein": "134186472", "name": "LIGHT WORLD INTERNATIONAL USA CORP", "city": "NEW YORK", "state": "NY", "zip": "10002-7414", "ntee": "X50", "ruling": "200208", "deductibility": "1", "assets": 1390335, "income": 138503, "revenue": 138503}, {"ein": "135563025", "name": "U S CONFERENCE FOR THE WORLD COUNCIL OF CHURCHES INC", "city": "NEW YORK", "state": "NY", "zip": "10115-0002", "ntee": "", "ruling": "195001", "deductibility": "1", "assets": 0, "income": 0, "revenue": 0}, {"ein": "135594017", "name": "U S A NATIONAL COMMITTEE OF THE LUTHERAN WORLD FEDERATION", "city": "NEW YORK", "state": "NY", "zip": "10010-1710", "ntee": "", "ruling": "194207", "deductibility": "1", "assets": 0, "income": 0, "revenue": 0}, {"ein": "135647844", "name": "WORLD REHABILITATION FUND INC", "city": "NEW YORK", "state": "NY", "zip": "10016-0113", "ntee": "Q300", "ruling": "196204", "deductibility": "1", "assets": 701591, "income": 2705325, "revenue": 2705325}, {"ein": "136161605", "name": "ETHIOPIAN WORLD FEDERATION INCORPORATED", "city": "NEW YORK", "state": "NY", "zip": "10027-4444", "ntee": "", "ruling": "195110", "deductibility": "2", "assets": 0, "income": 0, "revenue": 0}, {"ein": "136191112", "name": "WORLD FED OF BERGEN-BELSEN ASSOCIATION INC", "city": "NEW YORK", "state": "NY", "zip": "10021-0032", "ntee": "", "ruling": "196611", "deductibility": "1", "assets": 351421, "income": 37645, "revenue": 37645}, {"ein": "136192320", "name": "MEMORIAL LIBRARY & ART COLLECTION OF SECOND WORLD WAR INC", "city": "NEW YORK", "state": "NY", "zip": "10075-0221", "ntee": "A54", "ruling": "201404", "deductibility": "1", "assets": 8855527, "income": 3932221, "revenue": 0}, {"ein": "136195314", "name": "TRUSTEES OF WORLD STUDENT CHRISTIAN FEDERATION INC", "city": "NEW YORK", "state": "NY", "zip": "10115-0113", "ntee": "Q23Z", "ruling": "196904", "deductibility": "1", "assets": 704106, "income": 788915, "revenue": 130779}, {"ein": "141392438", "name": "FREDERICK ALLEN LODGE 609 IBPO ELKS OF THE WORLD", "city": "SARATOGA SPGS", "state": "NY", "zip": "12866-4028", "ntee": "Y42", "ruling": "202405", "deductibility": "1", "assets": 0, "income": 0, "revenue": 0}, {"ein": "141581179", "name": "IMPROVED BENEVOLENT & PROTECTIVE ORDER OF ELKS OF THE WORLD", "city": "GLOVERSVILLE", "state": "NY", "zip": "12078-3312", "ntee": "", "ruling": "197301", "deductibility": "1", "assets": 0, "income": 0, "revenue": 0}, {"ein": "141597565", "name": "LIGHT OF THE WORLD CHRISTIAN CHURCH INC", "city": "LATHAM", "state": "NY", "zip": "12110-1905", "ntee": "", "ruling": "198707", "deductibility": "1", "assets": 0, "income": 0, "revenue": 0}, {"ein": "141670279", "name": "WORLD EXCHANGE LTD", "city": "PUTNAM VALLEY", "state": "NY", "zip": "10579-2242", "ntee": "Q220", "ruling": "198604", "deductibility": "1", "assets": 2717, "income": 36605, "revenue": 36605}, {"ein": "141783303", "name": "WORLD AWARENESS CHILDRENS MUSEUM", "city": "GLENS FALLS", "state": "NY", "zip": "12801-4509", "ntee": "A520", "ruling": "199512", "deductibility": "1", "assets": 1089999, "income": 270587, "revenue": 234772}, {"ein": "161132634", "name": "JAMESTOWN BABE RUTH 13 YEAR OLD WORLD SERIES COMMITTEE INC", "city": "JAMESTOWN", "state": "NY", "zip": "14702-1103", "ntee": "N63Z", "ruling": "198008", "deductibility": "1", "assets": 64182, "income": 106093, "revenue": 103305}, {"ein": "161163426", "name": "BETHESDA WORLD HARVEST INTERNATIONAL CHURCH", "city": "BUFFALO", "state": "NY", "zip": "14209-0852", "ntee": "X99Z", "ruling": "199508", "deductibility": "1", "assets": 0, "income": 0, "revenue": 0}, {"ein": "161436931", "name": "ONE WORLD GOODS INC", "city": "ROCHESTER", "state": "NY", "zip": "14618-5513", "ntee": "Q320", "ruling": "199404", "deductibility": "1", "assets": 323289, "income": 581646, "revenue": 300498}, {"ein": "161462801", "name": "WORLD OF WONDERS PRESCHOOL", "city": "ALDEN", "state": "NY", "zip": "14004-9525", "ntee": "", "ruling": "199411", "deductibility": "1", "assets": 77704, "income": 448714, "revenue": 448714}, {"ein": "161513923", "name": "WORLD FEDERATION OF HEMOPHILIA USA", "city": "ALBANY", "state": "NY", "zip": "12206-1350", "ntee": "G20", "ruling": "199705", "deductibility": "1", "assets": 436959567, "income": 1131296825, "revenue": 1131296825}, {"ein": "161559586", "name": "WORLD CHILDHOOD FOUNDATION INC", "city": "NEW YORK", "state": "NY", "zip": "10019-9710", "ntee": "P120", "ruling": "199912", "deductibility": "1", "assets": 10743373, "income": 7463439, "revenue": 1631297}, {"ein": "161569952", "name": "GRACE WORLD OUTREACH CHURCH", "city": "BINGHAMTON", "state": "NY", "zip": "13903-1940", "ntee": "X99", "ruling": "200204", "deductibility": "1", "assets": 0, "income": 0, "revenue": 0}, {"ein": "161574588", "name": "1 WORLD FOUNDATION INC", "city": "GLEN PARK", "state": "NY", "zip": "13601-1009", "ntee": "T12", "ruling": "199912", "deductibility": "4", "assets": 46481, "income": 16501, "revenue": 16501}, {"ein": "161600990", "name": "REACHING THE WORLD FOR CHRIST MINISTIES", "city": "WEBSTER", "state": "NY", "zip": "14580-8964", "ntee": "X20", "ruling": "200205", "deductibility": "1", "assets": 0, "income": 0, "revenue": 0}, {"ein": "161602860", "name": "ALL THE WORLD INC", "city": "HORSEHEADS", "state": "NY", "zip": "14845-1167", "ntee": "X20", "ruling": "200508", "deductibility": "1", "assets": 0, "income": 0, "revenue": 0}, {"ein": "161739037", "name": "OVERCOMING THE WORLD THROUGH CHRIST MINISTRIES INC", "city": "BUFFALO", "state": "NY", "zip": "14215-0732", "ntee": "X20", "ruling": "200602", "deductibility": "1", "assets": 0, "income": 0, "revenue": 0}, {"ein": "166066746", "name": "TOWN OF GEDDES VETERANS OF WORLD", "city": "SOLVAY", "state": "NY", "zip": "13209-0144", "ntee": "", "ruling": "196801", "deductibility": "1", "assets": 0, "income": 0, "revenue": 0}, {"ein": "200095851", "name": "WORLD IN ONE PAN ARTS COLLABORATIVE", "city": "NEW YORK", "state": "NY", "zip": "10027-5010", "ntee": "A68", "ruling": "200406", "deductibility": "1", "assets": 0, "income": 0, "revenue": 0}, {"ein": "200152101", "name": "BRAVE NEW WORLD REPERTORY THEATRE", "city": "BROOKLYN", "state": "NY", "zip": "11218-4350", "ntee": "A65", "ruling": "200705", "deductibility": "1", "assets": 7755, "income": 106078, "revenue": 106078}, {"ein": "200387769", "name": "HARVEST FOR THE WORLD INC", "city": "ROOSEVELT", "state": "NY", "zip": "11575-2127", "ntee": "P60", "ruling": "200503", "deductibility": "1", "assets": 10040, "income": 23661, "revenue": 23661}, {"ein": "200459564", "name": "NEW LIFE HARVEST WORLD MINISTRIES LOGIC INC", "city": "AMHERST", "state": "NY", "zip": "14226-7570", "ntee": "X20", "ruling": "200908", "deductibility": "1", "assets": 0, "income": 0, "revenue": 0}, {"ein": "200602518", "name": "PURR FECT WORLD INC", "city": "CORTLAND", "state": "NY", "zip": "13045-1122", "ntee": "D20", "ruling": "200403", "deductibility": "1", "assets": 0, "income": 0, "revenue": 0}, {"ein": "200995247", "name": "AMERICAN COUNCIL FOR WORLD JEWRY INC", "city": "NEW YORK", "state": "NY", "zip": "10065-8436", "ntee": "R22", "ruling": "200506", "deductibility": "1", "assets": 319556, "income": 1800, "revenue": 1800}, {"ein": "201426839", "name": "DEEPER LIFE WORLD OUTREACH MINISTRIES INC", "city": "VALLEY STREAM", "state": "NY", "zip": "11580-5602", "ntee": "X20", "ruling": "200803", "deductibility": "1", "assets": 0, "income": 0, "revenue": 0}, {"ein": "201762865", "name": "WORLD UNITED BUDDHIST ASSOCIATION PU XIAN TEMPLE INC", "city": "NEW YORK", "state": "NY", "zip": "10002-5258", "ntee": "X50", "ruling": "200503", "deductibility": "1", "assets": 0, "income": 0, "revenue": 0}, {"ein": "202264584", "name": "THE WORKING WORLD INC", "city": "NEW YORK", "state": "NY", "zip": "10003-1502", "ntee": "S30", "ruling": "201410", "deductibility": "1", "assets": 81765852, "income": 9581365, "revenue": 9581365}, {"ein": "202735070", "name": "WORLD SOCCER ORGANIZATION INC", "city": "NEW YORK", "state": "NY", "zip": "10024-6808", "ntee": "O50", "ruling": "200506", "deductibility": "1", "assets": 39968, "income": 126413, "revenue": 126413}, {"ein": "203463651", "name": "GRANDPARENTS AROUND THE WORLD PRODUCTIONS INC", "city": "BRONX", "state": "NY", "zip": "10461-5323", "ntee": "A23", "ruling": "201501", "deductibility": "1", "assets": 28990, "income": 13044, "revenue": 13044}, {"ein": "204050580", "name": "THE ONE WORLD FOUNDATION NEW YORK INC", "city": "NEW YORK", "state": "NY", "zip": "10026-2304", "ntee": "B82", "ruling": "201012", "deductibility": "1", "assets": 0, "income": 0, "revenue": 0}, {"ein": "204786699", "name": "LIGHT OF THE WORLD MINISTRIES INC", "city": "SOLVAY", "state": "NY", "zip": "13209-0044", "ntee": "A62", "ruling": "200608", "deductibility": "1", "assets": 85475, "income": 188782, "revenue": 188782}, {"ein": "204855523", "name": "WORLD OUTREACH EVANGELICAL MINISTRY", "city": "FAR ROCKAWAY", "state": "NY", "zip": "11691-2200", "ntee": "X200", "ruling": "200706", "deductibility": "1", "assets": 0, "income": 0, "revenue": 0}, {"ein": "204991169", "name": "WORLD COMPASSION FELLOWSHIP INC", "city": "BROOKLYN", "state": "NY", "zip": "11218-4309", "ntee": "X20", "ruling": "200609", "deductibility": "1", "assets": 1654784, "income": 2437881, "revenue": 2437881}, {"ein": "205101779", "name": "THE WORLD SOCIETY OF CZESTOCHOWA JEWS AND THEIR DESCENDANTS INC", "city": "NEW YORK", "state": "NY", "zip": "10021-4281", "ntee": "A23", "ruling": "200807", "deductibility": "1", "assets": 13017, "income": 150500, "revenue": 0}, {"ein": "205420911", "name": "WORLD SOUND FOUNDATION", "city": "KINGSTON", "state": "NY", "zip": "12401-7877", "ntee": "A80", "ruling": "200706", "deductibility": "1", "assets": 0, "income": 0, "revenue": 0}, {"ein": "205602276", "name": "WORLD PEACE AND HEALTH ORGANIZATIONINC", "city": "FULTONVILLE", "state": "NY", "zip": "12072-0585", "ntee": "Q40", "ruling": "200805", "deductibility": "2", "assets": 0, "income": 0, "revenue": 0}, {"ein": "205678013", "name": "WORLD HEALING INTERNATIONAL INC", "city": "BRONX", "state": "NY", "zip": "10462-3680", "ntee": "X21", "ruling": "201804", "deductibility": "1", "assets": 0, "income": 0, "revenue": 0}, {"ein": "205803264", "name": "TRUE VINE WORLD OUTREACH MINISTRIESINC", "city": "BRONX", "state": "NY", "zip": "10469-5618", "ntee": "X21", "ruling": "200708", "deductibility": "1", "assets": 0, "income": 0, "revenue": 0}, {"ein": "206197902", "name": "A KINDER WORLD FOUNDATION", "city": "NEW YORK", "state": "NY", "zip": "10021-5055", "ntee": "T22", "ruling": "200408", "deductibility": "1", "assets": 12625968, "income": 3821018, "revenue": 0}, {"ein": "208026093", "name": "ONE WORLD UNITED AND VIRTUOUS INC", "city": "PORT CHESTER", "state": "NY", "zip": "10573-0988", "ntee": "B60", "ruling": "200909", "deductibility": "1", "assets": 87025, "income": 187005, "revenue": 0}, {"ein": "208094786", "name": "WORLD FULANI ORGANIZATION INC", "city": "BRONX", "state": "NY", "zip": "10457-3313", "ntee": "T990", "ruling": "200709", "deductibility": "1", "assets": 0, "income": 0, "revenue": 0}, {"ein": "208834354", "name": "WORLD FOUNDATION FOR MUSIC ANDHEALING", "city": "NEW YORK", "state": "NY", "zip": "10001-3224", "ntee": "A68", "ruling": "200712", "deductibility": "1", "assets": 0, "income": 0, "revenue": 0}, {"ein": "208998915", "name": "WORLD INTER CULTURAL PROGRAM INC", "city": "NEW YORK", "state": "NY", "zip": "10027-5697", "ntee": "A23", "ruling": "202107", "deductibility": "1", "assets": 0, "income": 0, "revenue": 0}, {"ein": "222513508", "name": "LIVING FAITH WORLD OUT REACH", "city": "ALBION", "state": "NY", "zip": "14411-0027", "ntee": "", "ruling": "198406", "deductibility": "1", "assets": 0, "income": 0, "revenue": 0}, {"ein": "222584370", "name": "AMERICAN JEWISH WORLD SERVICE INC", "city": "NEW YORK", "state": "NY", "zip": "10018-7641", "ntee": "Q300", "ruling": "199408", "deductibility": "1", "assets": 78471993, "income": 75055177, "revenue": 42700367}, {"ein": "222901833", "name": "WORLD LIFE INSTITUTE INC", "city": "MEDINA", "state": "NY", "zip": "14103-0551", "ntee": "P730", "ruling": "198908", "deductibility": "1", "assets": 286460, "income": 80150, "revenue": 80150}, {"ein": "222952117", "name": "LIGHT OF THE WORLD CHRISTIAN MINISTRIES INC", "city": "LATHAM", "state": "NY", "zip": "12110-1905", "ntee": "", "ruling": "199004", "deductibility": "1", "assets": 0, "income": 0, "revenue": 0}, {"ein": "223540675", "name": "THEATRE WORLD AWARDS INC", "city": "NEW YORK", "state": "NY", "zip": "10021-0032", "ntee": "A60", "ruling": "201603", "deductibility": "1", "assets": 0, "income": 0, "revenue": 0}, {"ein": "223783442", "name": "ONE WORLD MARKET INC", "city": "ITHACA", "state": "NY", "zip": "14850-5380", "ntee": "P29", "ruling": "200205", "deductibility": "1", "assets": 52940, "income": 169904, "revenue": 86766}, {"ein": "223841411", "name": "MUSICIANS FOR WORLD HARMONY INC", "city": "ITHACA", "state": "NY", "zip": "14851-6758", "ntee": "A68", "ruling": "200211", "deductibility": "1", "assets": 11470, "income": 3757, "revenue": 3757}, {"ein": "223872857", "name": "DIVINE LOVE WORLD CHARITY INC", "city": "NEW YORK", "state": "NY", "zip": "10024-6022", "ntee": "P20", "ruling": "200210", "deductibility": "1", "assets": 198240, "income": 906756, "revenue": 906756}, {"ein": "223974909", "name": "CIELENOU WORLD CHILDREN INC", "city": "MONTROSE", "state": "NY", "zip": "10548-1115", "ntee": "N70", "ruling": "202105", "deductibility": "1", "assets": 0, "income": 0, "revenue": 0}, {"ein": "237024585", "name": "LIGHT OF THE WORLD MISSIONS INC", "city": "BUFFALO", "state": "NY", "zip": "14203-2015", "ntee": "", "ruling": "199302", "deductibility": "1", "assets": 0, "income": 0, "revenue": 0}, {"ein": "237135119", "name": "ATD FOURTH WORLD MOVEMENT INC", "city": "NEW YORK", "state": "NY", "zip": "10009-4508", "ntee": "P010", "ruling": "197110", "deductibility": "1", "assets": 914225, "income": 975474, "revenue": 935671}, {"ein": "237147834", "name": "WORLD FOUNDATION FOR GIRL GUIDES AND GIRL SCOUTS INC", "city": "NEW YORK", "state": "NY", "zip": "10018-2729", "ntee": "", "ruling": "197111", "deductibility": "1", "assets": 3095514, "income": 923941, "revenue": 920325}, {"ein": "237162488", "name": "WORLD COUNCIL OF SYNAGOGUES INC", "city": "NEW YORK", "state": "NY", "zip": "10027-4650", "ntee": "", "ruling": "197202", "deductibility": "1", "assets": 0, "income": 0, "revenue": 0}, {"ein": "237181525", "name": "BETTER WORLD FUND", "city": "BROOKLYN", "state": "NY", "zip": "11225-0000", "ntee": "Q42", "ruling": "201601", "deductibility": "1", "assets": 0, "income": 0, "revenue": 0}, {"ein": "237211983", "name": "RECONSTRUCTED WORLD CHURCH", "city": "GLOVERSVILLE", "state": "NY", "zip": "12078-1516", "ntee": "", "ruling": "197206", "deductibility": "1", "assets": 0, "income": 0, "revenue": 0}, {"ein": "237225516", "name": "JOHAN MAASBACH WORLD MISSION FOUNDATION INC", "city": "KIRKWOOD", "state": "NY", "zip": "13795-0007", "ntee": "", "ruling": "197301", "deductibility": "1", "assets": 29957, "income": 12, "revenue": 0}, {"ein": "237254928", "name": "WORLD EVANGELICAL ALLIANCE", "city": "WINGDALE", "state": "NY", "zip": "12594-1736", "ntee": "", "ruling": "197808", "deductibility": "1", "assets": 801263, "income": 2662082, "revenue": 2662082}, {"ein": "237364237", "name": "IMPROVED BENEVOLENT & PROTECTIVE ORDER OF ELKS OF THE WORLD", "city": "BROOKLYN", "state": "NY", "zip": "11238-3905", "ntee": "", "ruling": "194203", "deductibility": "2", "assets": 0, "income": 0, "revenue": 0}, {"ein": "237396384", "name": "WORLD EDUCATION SERVICES INC", "city": "NEW YORK", "state": "NY", "zip": "10004-1405", "ntee": "Q22Z", "ruling": "198106", "deductibility": "1", "assets": 233089458, "income": 139962579, "revenue": 99938416}, {"ein": "237399855", "name": "RAMOT SHAPIRA WORLD YOUTH CENTER INC", "city": "NEW YORK", "state": "NY", "zip": "10004-1355", "ntee": "O11", "ruling": "200705", "deductibility": "1", "assets": 0, "income": 0, "revenue": 0}, {"ein": "237449111", "name": "INTERNATIONAL ONE WORLD CRUSADE INC", "city": "POUGHKEEPSIE", "state": "NY", "zip": "12601-0755", "ntee": "A34Z", "ruling": "199407", "deductibility": "1", "assets": 0, "income": 0, "revenue": 0}, {"ein": "237629425", "name": "WOODMEN OF THE WORLD LIFE INSURANCE SOCIETY", "city": "S GLENS FALLS", "state": "NY", "zip": "12803-5105", "ntee": "", "ruling": "194112", "deductibility": "1", "assets": 0, "income": 0, "revenue": 0}, {"ein": "237629426", "name": "WOODMEN OF THE WORLD LIFE INSURANCE SOCIETY", "city": "CHAMPLAIN", "state": "NY", "zip": "12919-4654", "ntee": "", "ruling": "194112", "deductibility": "1", "assets": 0, "income": 0, "revenue": 0}, {"ein": "237629706", "name": "WOODMEN OF THE WORLD LIFE INSURANCE SOCIETY", "city": "MIDDLETOWN", "state": "NY", "zip": "10940-3244", "ntee": "", "ruling": "194112", "deductibility": "1", "assets": 0, "income": 0, "revenue": 0}, {"ein": "237629709", "name": "WOODMEN OF THE WORLD LIFE INSURANCE SOCIETY", "city": "RENSSELAERVLE", "state": "NY", "zip": "12147-1303", "ntee": "", "ruling": "194112", "deductibility": "1", "assets": 0, "income": 0, "revenue": 0}, {"ein": "260299354", "name": "A CANCER FREE WORLD INC", "city": "NEW YORK", "state": "NY", "zip": "10022-6903", "ntee": "B90", "ruling": "200709", "deductibility": "1", "assets": 0, "income": 0, "revenue": 0}, {"ein": "261652889", "name": "WORLD FAITH INC", "city": "EAST ELMHURST", "state": "NY", "zip": "11370-1316", "ntee": "Q33", "ruling": "200808", "deductibility": "1", "assets": 0, "income": 0, "revenue": 0}, {"ein": "262146554", "name": "WORLD WITHOUT BARRIERS INC", "city": "PRT WASHINGTN", "state": "NY", "zip": "11050-0731", "ntee": "Q33", "ruling": "201208", "deductibility": "1", "assets": 0, "income": 0, "revenue": 0}, {"ein": "262822241", "name": "MILITARY ORDER OF THE WORLD WARS", "city": "SAYVILLE", "state": "NY", "zip": "11782-1426", "ntee": "W30", "ruling": "195504", "deductibility": "1", "assets": 0, "income": 0, "revenue": 0}, {"ein": "262886703", "name": "WE ARE OUR WORLD INC", "city": "NEW YORK", "state": "NY", "zip": "10010-7502", "ntee": "T30", "ruling": "200812", "deductibility": "1", "assets": 0, "income": 0, "revenue": 0}, {"ein": "263047394", "name": "PROMISE WORLD MISSION CORPORATION", "city": "BAYSIDE", "state": "NY", "zip": "11364-1423", "ntee": "X99", "ruling": "201405", "deductibility": "1", "assets": 18713, "income": 36735, "revenue": 36735}, {"ein": "263121503", "name": "WORLD ORGANIZATION OF JEWS FROM IRAQ INC", "city": "NEW YORK", "state": "NY", "zip": "10001-1904", "ntee": "X30", "ruling": "200912", "deductibility": "1", "assets": 0, "income": 0, "revenue": 0}, {"ein": "263474252", "name": "WORLD SPINE OUTREACH", "city": "GRAND ISLAND", "state": "NY", "zip": "14072-2178", "ntee": "Q33", "ruling": "200902", "deductibility": "1", "assets": 0, "income": 0, "revenue": 0}, {"ein": "263604210", "name": "ONEONTA WORLD OF LEARNING", "city": "ONEONTA", "state": "NY", "zip": "13820-3679", "ntee": "A52", "ruling": "201008", "deductibility": "1", "assets": 0, "income": 0, "revenue": 0}, {"ein": "263720166", "name": "WORLD CIVIC ORCHESTRA", "city": "QUEENSBURY", "state": "NY", "zip": "12804-0000", "ntee": "A69", "ruling": "200910", "deductibility": "1", "assets": 0, "income": 0, "revenue": 0}, {"ein": "264086522", "name": "ONE WORLD ONE VISION", "city": "PURCHASE", "state": "NY", "zip": "10577-2141", "ntee": "Q33", "ruling": "201305", "deductibility": "1", "assets": 103503, "income": 73954, "revenue": 73954}, {"ein": "264193667", "name": "YOUTH FOR A BETTER WORLD INC", "city": "NEW YORK", "state": "NY", "zip": "10001-7604", "ntee": "Q42", "ruling": "201301", "deductibility": "1", "assets": 3985046, "income": 3031072, "revenue": 3031072}, {"ein": "264296212", "name": "MACCABI WORLD UNION INC", "city": "NEW YORK", "state": "NY", "zip": "10018-4393", "ntee": "O50", "ruling": "200909", "deductibility": "1", "assets": 5020472, "income": 5557484, "revenue": 5482964}, {"ein": "270190093", "name": "THE WORLD WIDE PEACE BELL FOUNDATION", "city": "HOPEWELL JCT", "state": "NY", "zip": "12533-5129", "ntee": "", "ruling": "201501", "deductibility": "1", "assets": 0, "income": 0, "revenue": 0}, {"ein": "270293247", "name": "WORLD FAMILY OF RADIO MARIA INC", "city": "NEW YORK", "state": "NY", "zip": "10014-5002", "ntee": "X84", "ruling": "200907", "deductibility": "1", "assets": 56958, "income": 417657, "revenue": 417657}, {"ein": "270349364", "name": "FOOTWEAR FOR THE WORLD - INC", "city": "BROOKLYN", "state": "NY", "zip": "11219-2553", "ntee": "P20", "ruling": "200910", "deductibility": "1", "assets": 0, "income": 0, "revenue": 0}, {"ein": "270654876", "name": "NASH JEW NEW AMERICANS SELF HELP JEWISH EDUCATION WORLD INC", "city": "BROOKLYN", "state": "NY", "zip": "11235-6846", "ntee": "X30", "ruling": "201008", "deductibility": "1", "assets": 262657, "income": 497871, "revenue": 497871}, {"ein": "271369905", "name": "WORLD WIDE HOLISTIC HEALTH OUTREACH", "city": "VALLEY STREAM", "state": "NY", "zip": "11580-1611", "ntee": "", "ruling": "201003", "deductibility": "1", "assets": 0, "income": 0, "revenue": 0}, {"ein": "272013987", "name": "NEW WORLD PREPARATORY CHARTER SCHOOL", "city": "STATEN ISLAND", "state": "NY", "zip": "10302-1234", "ntee": "B29", "ruling": "201105", "deductibility": "1", "assets": 9237497, "income": 21128612, "revenue": 21128612}, {"ein": "272545024", "name": "WORLD CHILDREN FOUNDATION INC", "city": "PLAINVIEW", "state": "NY", "zip": "11803-4953", "ntee": "P58", "ruling": "201009", "deductibility": "1", "assets": 108, "income": 690, "revenue": 690}, {"ein": "272611266", "name": "WORLD IMPACT INTERNATIONAL MINISTRIES", "city": "WOODMERE", "state": "NY", "zip": "11598-1221", "ntee": "", "ruling": "197005", "deductibility": "1", "assets": 0, "income": 0, "revenue": 0}, {"ein": "272731801", "name": "WORLD HELLENIC BIOMEDICAL ASSOCIATION", "city": "NEW YORK", "state": "NY", "zip": "10021-5342", "ntee": "E03", "ruling": "201104", "deductibility": "1", "assets": 0, "income": 0, "revenue": 0}, {"ein": "272996893", "name": "NEW LIFE WORLD HARVEST RESTORATION CENTER COMMUNITY ECONOMIC DEVELOPM", "city": "BUFFALO", "state": "NY", "zip": "14215-1032", "ntee": "N60", "ruling": "201106", "deductibility": "1", "assets": 0, "income": 0, "revenue": 0}, {"ein": "273070250", "name": "WORLD OUTREACH RESTORATION MINISTRY", "city": "HOLLIS", "state": "NY", "zip": "11423-2547", "ntee": "X20", "ruling": "201909", "deductibility": "1", "assets": 0, "income": 0, "revenue": 0}, {"ein": "273319172", "name": "WORLD AFFAIRS COUNCIL OF ROCHESTER NY INC", "city": "ROCHESTER", "state": "NY", "zip": "14625-0462", "ntee": "Q20", "ruling": "201101", "deductibility": "1", "assets": 16427, "income": 102610, "revenue": 102610}, {"ein": "273471540", "name": "WORLD WIDE ASSOCIATION OF SMALL CHURCHES INC", "city": "BROOKLYN", "state": "NY", "zip": "11208-3510", "ntee": "X03", "ruling": "201108", "deductibility": "1", "assets": 0, "income": 211501, "revenue": 211501}, {"ein": "273650754", "name": "THE WORLD EDUCATION ENDEAVOR INCORPORATION", "city": "RHINEBECK", "state": "NY", "zip": "12572-2260", "ntee": "B99", "ruling": "201202", "deductibility": "1", "assets": 15, "income": 0, "revenue": 0}, {"ein": "273813305", "name": "WORLD CHRISTIAN ASSEMBLY", "city": "BROOKLYN", "state": "NY", "zip": "11212-4429", "ntee": "X20", "ruling": "201312", "deductibility": "1", "assets": 0, "income": 0, "revenue": 0}, {"ein": "274644758", "name": "DHARMA WORLD INC", "city": "FLUSHING", "state": "NY", "zip": "11354-2327", "ntee": "X50", "ruling": "201108", "deductibility": "1", "assets": 0, "income": 0, "revenue": 0}, {"ein": "275272127", "name": "WORLD FOUNDATION INC", "city": "FLUSHING", "state": "NY", "zip": "11367-2816", "ntee": "T50", "ruling": "201507", "deductibility": "1", "assets": 0, "income": 0, "revenue": 0}, {"ein": "300056115", "name": "WORLD ROMA CULTURAL FEDERATION", "city": "BROOKLYN", "state": "NY", "zip": "11229-3642", "ntee": "", "ruling": "000000", "deductibility": "0", "assets": 1309, "income": 26412, "revenue": 0}, {"ein": "300185080", "name": "WORLD OVERCOMERS WORD OF LIFE", "city": "BROOKLYN", "state": "NY", "zip": "11239-2621", "ntee": "X21", "ruling": "200404", "deductibility": "1", "assets": 0, "income": 0, "revenue": 0}, {"ein": "300186895", "name": "INSTITUTE OF THE BLACK WORLD 21ST CENTURY INC", "city": "EAST ELMHURST", "state": "NY", "zip": "11369-1745", "ntee": "R20", "ruling": "200402", "deductibility": "1", "assets": 678211, "income": 1059821, "revenue": 1059821}, {"ein": "300273345", "name": "WORLD DANCE THEATRE", "city": "SUNNYSIDE", "state": "NY", "zip": "11104-2818", "ntee": "A62", "ruling": "200603", "deductibility": "1", "assets": 9744, "income": 0, "revenue": 0}, {"ein": "300452624", "name": "APOSTOLIC MISSION GO INTO ALL THE WORLD", "city": "LACKAWANNA", "state": "NY", "zip": "14218-1508", "ntee": "X20", "ruling": "201006", "deductibility": "1", "assets": 0, "income": 0, "revenue": 0}, {"ein": "300827021", "name": "WORLD CHINESE CHRISTIAN ASSOCIATION INC", "city": "NEW YORK", "state": "NY", "zip": "10007-1188", "ntee": "P99", "ruling": "201608", "deductibility": "1", "assets": 0, "income": 0, "revenue": 0}, {"ein": "300880716", "name": "WORLD DEVELOPMENT FOUNDATION INC", "city": "NEW YORK", "state": "NY", "zip": "10017-4761", "ntee": "Q32", "ruling": "201703", "deductibility": "1", "assets": 0, "income": 0, "revenue": 0}, {"ein": "301166326", "name": "WOMEN WILL CHANGE THE WORLD INC", "city": "ALTAMONT", "state": "NY", "zip": "12009-0062", "ntee": "", "ruling": "201909", "deductibility": "1", "assets": 0, "income": 0, "revenue": 0}, {"ein": "311679275", "name": "WORLD HINDI FOUNDATION INC", "city": "HOPEWELL JCT", "state": "NY", "zip": "12533-5618", "ntee": "A700", "ruling": "199912", "deductibility": "1", "assets": 0, "income": 0, "revenue": 0}, {"ein": "320003643", "name": "WORLD ORGANIZATION FOR THE RIGHT OF THE PEOPLE TO HEALTHCARE", "city": "NEW YORK", "state": "NY", "zip": "10108-2633", "ntee": "Q23", "ruling": "200405", "deductibility": "1", "assets": 0, "income": 0, "revenue": 0}, {"ein": "320014462", "name": "WORLD ADHESION FOUNDATION INC", "city": "PRT JEFFERSON", "state": "NY", "zip": "11777-1602", "ntee": "G40", "ruling": "200411", "deductibility": "1", "assets": 0, "income": 0, "revenue": 0}, {"ein": "320320447", "name": "NEW YORK STATE WORLD ORGANIZATION OF CHINA PAINTERS", "city": "DERBY", "state": "NY", "zip": "14047-9511", "ntee": "A25", "ruling": "201305", "deductibility": "1", "assets": 0, "income": 0, "revenue": 0}, {"ein": "320324338", "name": "MILITARY ORDER OF THE WORLD WARS", "city": "SAYVILLE", "state": "NY", "zip": "11782-1426", "ntee": "W30", "ruling": "195504", "deductibility": "1", "assets": 0, "income": 0, "revenue": 0}, {"ein": "320488234", "name": "WORLD WIDE REVIVAL MINISTRIES INC", "city": "BRENTWOOD", "state": "NY", "zip": "11717-4653", "ntee": "X20", "ruling": "201703", "deductibility": "1", "assets": 0, "income": 0, "revenue": 0}, {"ein": "320699627", "name": "HAND IN HAND FOR A BETTER WORLD FOUNDATION INC", "city": "PEEKSILL", "state": "NY", "zip": "10566-0000", "ntee": "P01", "ruling": "202210", "deductibility": "1", "assets": 0, "income": 0, "revenue": 0}, {"ein": "331155815", "name": "FLAGG WORLD INC", "city": "STATEN ISLAND", "state": "NY", "zip": "10304-4452", "ntee": "I40", "ruling": "200708", "deductibility": "1", "assets": 0, "income": 0, "revenue": 0}, {"ein": "331207084", "name": "FUTURE SCHOLARS OF THE WORLD INC", "city": "JAMAICA", "state": "NY", "zip": "11433-4124", "ntee": "B90", "ruling": "202308", "deductibility": "1", "assets": 0, "income": 0, "revenue": 0}, {"ein": "331363425", "name": "CREATOR S WORLD INC", "city": "BROOKLYN", "state": "NY", "zip": "11226-7004", "ntee": "C02", "ruling": "202411", "deductibility": "1", "assets": 0, "income": 0, "revenue": 0}, {"ein": "331869013", "name": "WORLD DISASTER CENTER WDC INC", "city": "NEW YORK", "state": "NY", "zip": "10029-3143", "ntee": "M20", "ruling": "202412", "deductibility": "1", "assets": 0, "income": 0, "revenue": 0}, {"ein": "332567393", "name": "SINO WORLD ALLIANCE FOUNDATION INC", "city": "BRONX", "state": "NY", "zip": "10461-4234", "ntee": "P20", "ruling": "202501", "deductibility": "1", "assets": 0, "income": 0, "revenue": 0}, {"ein": "333637066", "name": "HIMA WORLD ORGANIZATION INC", "city": "TARRYTOWN", "state": "NY", "zip": "10591-3614", "ntee": "N99", "ruling": "202504", "deductibility": "1", "assets": 0, "income": 0, "revenue": 0}, {"ein": "352332972", "name": "MILITARY ORDER OF THE WORLD WARS", "city": "SAYVILLE", "state": "NY", "zip": "11782-1426", "ntee": "W30", "ruling": "195504", "deductibility": "1", "assets": 0, "income": 0, "revenue": 0}, {"ein": "352426718", "name": "DOCTORS OF THE WORLD-USA INC", "city": "NEW YORK", "state": "NY", "zip": "10038-2550", "ntee": "P20", "ruling": "201112", "deductibility": "1", "assets": 5910038, "income": 18253928, "revenue": 18253928}, {"ein": "352440888", "name": "WORLD CHANNEL OUTLET MINISTRIES", "city": "SHERBURNE", "state": "NY", "zip": "13460-4208", "ntee": "X20", "ruling": "201305", "deductibility": "1", "assets": 0, "income": 0, "revenue": 0}, {"ein": "352625666", "name": "WORLD INTANGIBLE CULTURAL HERITAGE PROTECTION & DEVELOPMENT FOUNDATIO", "city": "NEW YORK", "state": "NY", "zip": "10020-0075", "ntee": "A23", "ruling": "202006", "deductibility": "1", "assets": 5922, "income": 100654, "revenue": 100536}, {"ein": "352682533", "name": "WORLD WOMEN ORGANIZATION INC", "city": "NEW YORK", "state": "NY", "zip": "10017-7401", "ntee": "R24", "ruling": "202102", "deductibility": "1", "assets": 0, "income": 0, "revenue": 0}, {"ein": "352838575", "name": "WORLD ECONOMIC INNOVATION ORGANIZATION INC", "city": "NEW YORK", "state": "NY", "zip": "10017-7426", "ntee": "S11", "ruling": "202410", "deductibility": "1", "assets": 0, "income": 0, "revenue": 0}, {"ein": "364490638", "name": "WORLD FOR CHRIST MINISTRIES", "city": "BROOKLYN", "state": "NY", "zip": "11212-2138", "ntee": "X20", "ruling": "201511", "deductibility": "1", "assets": 0, "income": 0, "revenue": 0}, {"ein": "364524686", "name": "REPAIR THE WORLD INC", "city": "NEW YORK", "state": "NY", "zip": "10004-1015", "ntee": "S50", "ruling": "200401", "deductibility": "1", "assets": 13765703, "income": 17260819, "revenue": 17210493}, {"ein": "364778884", "name": "WOODMEN OF THE WORLD LIFE INSURANCE SOCIETY", "city": "ROME", "state": "NY", "zip": "13440-3862", "ntee": "", "ruling": "194112", "deductibility": "1", "assets": 0, "income": 0, "revenue": 0}, {"ein": "371908712", "name": "WORLD COUNCIL FOR YOUTH AND DIPLOMACY INC", "city": "NEW YORK", "state": "NY", "zip": "10005-4301", "ntee": "Q20", "ruling": "201908", "deductibility": "1", "assets": 108137, "income": 706882, "revenue": 706882}, {"ein": "371962507", "name": "BETTER WORLD FUND", "city": "BRONX", "state": "NY", "zip": "10475-3048", "ntee": "", "ruling": "201101", "deductibility": "1", "assets": 0, "income": 0, "revenue": 0}, {"ein": "372146253", "name": "FOUNDATION OF HELLENIC WORLD USA", "city": "NEW YORK", "state": "NY", "zip": "10022-2775", "ntee": "A05", "ruling": "202506", "deductibility": "1", "assets": 0, "income": 0, "revenue": 0}, {"ein": "383910277", "name": "MOTHER DIVINE PROGRAM-MAHARISHI GLOBAL COUNTRY OF WORLD PEACE INC", "city": "LIVINGSTN MNR", "state": "NY", "zip": "12758-6549", "ntee": "P20", "ruling": "201412", "deductibility": "1", "assets": 555490, "income": 342268, "revenue": 342268}, {"ein": "384138012", "name": "ANGELIC WORLD MISSIONS FOUNDATION", "city": "NEW YORK", "state": "NY", "zip": "10003-8327", "ntee": "T21", "ruling": "202302", "deductibility": "1", "assets": 0, "income": 0, "revenue": 0}, {"ein": "392069837", "name": "ONE WORLD IN CONCERT INC", "city": "NEW YORK", "state": "NY", "zip": "10021-4012", "ntee": "Q40", "ruling": "200904", "deductibility": "1", "assets": 79443, "income": 45911, "revenue": 45911}, {"ein": "412024802", "name": "WORLD CARES CENTER INC", "city": "NEW YORK", "state": "NY", "zip": "10018-8962", "ntee": "M20", "ruling": "200202", "deductibility": "1", "assets": 353063, "income": 312631, "revenue": 307496}, {"ein": "412274828", "name": "HEAVENLY LIGHT WORLD OUTREACH MINISTRIES", "city": "ARVERNE", "state": "NY", "zip": "11692-1125", "ntee": "X20", "ruling": "202011", "deductibility": "1", "assets": 0, "income": 0, "revenue": 0}, {"ein": "421595480", "name": "BETTER WORLD CHORUS", "city": "NEW YORK", "state": "NY", "zip": "10025-6631", "ntee": "A68", "ruling": "200311", "deductibility": "1", "assets": 0, "income": 0, "revenue": 0}, {"ein": "421644734", "name": "GATEWAY WORLD CHRISTIAN CENTER", "city": "VALLEY STREAM", "state": "NY", "zip": "11580-1137", "ntee": "X21", "ruling": "200705", "deductibility": "1", "assets": 0, "income": 0, "revenue": 0}, {"ein": "432095418", "name": "WORLD SCIENCE FOUNDATION", "city": "NEW YORK", "state": "NY", "zip": "10115-1000", "ntee": "U20", "ruling": "200605", "deductibility": "1", "assets": 20170819, "income": 4450960, "revenue": 4450960}, {"ein": "450472745", "name": "WORLD MISSION", "city": "BROOKLYN", "state": "NY", "zip": "11216-1205", "ntee": "X20", "ruling": "200305", "deductibility": "1", "assets": 0, "income": 0, "revenue": 0}, {"ein": "450524971", "name": "SKY EDUCATION & WORLD COMMUNITY CENTER INC", "city": "SAYVILLE", "state": "NY", "zip": "11782-2723", "ntee": "", "ruling": "200405", "deductibility": "1", "assets": 593278, "income": 142722, "revenue": 0}, {"ein": "450594440", "name": "WORLD LEBANESE CULTURAL UNION INC", "city": "STATEN ISLAND", "state": "NY", "zip": "10305-4616", "ntee": "A23", "ruling": "200905", "deductibility": "1", "assets": 2101, "income": 8600, "revenue": 8600}, {"ein": "451597795", "name": "KIDS CHANGE THE WORLD INCORPORATED", "city": "MELVILLE", "state": "NY", "zip": "11747-4259", "ntee": "Q33", "ruling": "201211", "deductibility": "1", "assets": 0, "income": 0, "revenue": 0}, {"ein": "452712585", "name": "CHRISTS KINGDOM BUILDERS WORLD MINISTRIES", "city": "ROCHESTER", "state": "NY", "zip": "14612-3072", "ntee": "X21", "ruling": "201301", "deductibility": "1", "assets": 0, "income": 0, "revenue": 0}, {"ein": "452998021", "name": "ONE WORLD ORG INC", "city": "BELLMORE", "state": "NY", "zip": "11710-4808", "ntee": "G84", "ruling": "201402", "deductibility": "1", "assets": 0, "income": 0, "revenue": 0}, {"ein": "453164685", "name": "NYSKC WORLD MISSION INC", "city": "LONG IS CITY", "state": "NY", "zip": "11106-4406", "ntee": "X20", "ruling": "201607", "deductibility": "1", "assets": 0, "income": 0, "revenue": 0}, {"ein": "453358954", "name": "WORLD AFFAIRS INC", "city": "DUANESBURG", "state": "NY", "zip": "12056-4447", "ntee": "M20", "ruling": "201203", "deductibility": "1", "assets": 29, "income": 0, "revenue": 0}, {"ein": "453597598", "name": "WORLD IS YOUR OYSTER", "city": "BROOKLYN", "state": "NY", "zip": "11203-5003", "ntee": "B80", "ruling": "202311", "deductibility": "1", "assets": 0, "income": 0, "revenue": 0}, {"ein": "453652160", "name": "CLOTHE NEW WORLD INC", "city": "BROOKLYN", "state": "NY", "zip": "11209-4948", "ntee": "Q30", "ruling": "201212", "deductibility": "1", "assets": 0, "income": 0, "revenue": 0}, {"ein": "453740135", "name": "UNITED WORLD FOUNDATION INC", "city": "GODEFFROY", "state": "NY", "zip": "12729-0000", "ntee": "T20", "ruling": "201206", "deductibility": "1", "assets": 402818, "income": 679, "revenue": 0}, {"ein": "453749706", "name": "INDUSTRIAL WORKERS OF THE WORLD", "city": "LONG ISLAND CITY", "state": "NY", "zip": "11101-5075", "ntee": "J40", "ruling": "201304", "deductibility": "2", "assets": 0, "income": 0, "revenue": 0}, {"ein": "453916060", "name": "PROVE YOUR WORLD INC", "city": "ROCHESTER", "state": "NY", "zip": "14620-1934", "ntee": "A32", "ruling": "201312", "deductibility": "1", "assets": 0, "income": 0, "revenue": 0}, {"ein": "454723848", "name": "NEW WORLD CONVENTION LTD", "city": "CAMBRIA HTS", "state": "NY", "zip": "11411-1615", "ntee": "X20", "ruling": "201209", "deductibility": "1", "assets": 0, "income": 0, "revenue": 0}, {"ein": "454724574", "name": "WORLD LENS FOUNDATION", "city": "BROOKLYN", "state": "NY", "zip": "11222-2673", "ntee": "B90", "ruling": "201208", "deductibility": "1", "assets": 0, "income": 0, "revenue": 0}, {"ein": "454880710", "name": "MUSEUM OF AFRICAN ART & WORLD CULTURES-MAAWOC-", "city": "BROOKLYN", "state": "NY", "zip": "11216-1803", "ntee": "A50", "ruling": "201909", "deductibility": "1", "assets": 0, "income": 0, "revenue": 0}, {"ein": "455088146", "name": "ONE YOUNG WORLD US", "city": "NEW YORK", "state": "NY", "zip": "10012-4408", "ntee": "T11", "ruling": "201302", "deductibility": "1", "assets": 62464, "income": 25334, "revenue": 25334}, {"ein": "455316035", "name": "WORLD TRADE CENTER PERFORMING ARTS CENTER INC", "city": "NEW YORK", "state": "NY", "zip": "10006-1404", "ntee": "A60", "ruling": "201403", "deductibility": "1", "assets": 592002023, "income": 33695993, "revenue": 33042709}, {"ein": "456696498", "name": "GEORGE LEE TR UW BO WORLD DIV BD OF MISSIONS UNITED METH CHURCH", "city": "ELMIRA", "state": "NY", "zip": "14902-1522", "ntee": "", "ruling": "000000", "deductibility": "0", "assets": 5490567, "income": 3002630, "revenue": 0}, {"ein": "461191636", "name": "SAVE THE MICHAELS OF THE WORLD INC", "city": "BUFFALO", "state": "NY", "zip": "14209-2260", "ntee": "F21", "ruling": "201302", "deductibility": "1", "assets": 4535133, "income": 4232659, "revenue": 4156612}, {"ein": "461381370", "name": "WORLD APOSTOLATE OF FATIMA DIOCESE OF ROCKVILLE CENTRE INC", "city": "MANORVILLE", "state": "NY", "zip": "11949-0971", "ntee": "X20", "ruling": "201911", "deductibility": "1", "assets": 20590, "income": 21763, "revenue": 21763}, {"ein": "461387794", "name": "METRO WORLD CHILD FOUNDATION INC", "city": "BROOKLYN", "state": "NY", "zip": "11221-6079", "ntee": "Q33", "ruling": "201308", "deductibility": "1", "assets": 4171347, "income": 7949705, "revenue": 7949705}, {"ein": "461616553", "name": "WORLD OLIVET ASSEMBLY INC", "city": "DOVER PLAINS", "state": "NY", "zip": "12522-5771", "ntee": "X90", "ruling": "201702", "deductibility": "1", "assets": 91611996, "income": 17208664, "revenue": 17208664}, {"ein": "461822635", "name": "COMPASSION IN WORLD FARMING", "city": "NEW YORK", "state": "NY", "zip": "10017-4707", "ntee": "P99", "ruling": "201501", "deductibility": "1", "assets": 2470690, "income": 2356610, "revenue": 2356610}, {"ein": "462054458", "name": "WORLD VOICE ENSEMBLE", "city": "BRONX", "state": "NY", "zip": "10469-3122", "ntee": "A65", "ruling": "201409", "deductibility": "1", "assets": 65, "income": 100, "revenue": 0}, {"ein": "462425354", "name": "WORLD PEACE ORCHESTRA INC", "city": "NEW YORK", "state": "NY", "zip": "10001-3905", "ntee": "A69", "ruling": "201312", "deductibility": "1", "assets": 0, "income": 0, "revenue": 0}, {"ein": "462868513", "name": "WORLD FLOWER INC", "city": "MELVILLE", "state": "NY", "zip": "11747-3803", "ntee": "K31", "ruling": "201309", "deductibility": "1", "assets": 0, "income": 0, "revenue": 0}, {"ein": "463691216", "name": "WORLD SPIRITUAL AWARENESS FORUM INC", "city": "ROSLYN HTS", "state": "NY", "zip": "11577-2600", "ntee": "Q33", "ruling": "201407", "deductibility": "1", "assets": 666090, "income": 1070525, "revenue": 1070525}, {"ein": "463917869", "name": "UGLY AND MAUDE CHIEN FOUNDATION FOR CHILDREN OF THE WORLD INC", "city": "AMITYVILLE", "state": "NY", "zip": "11701-2751", "ntee": "E99", "ruling": "201405", "deductibility": "1", "assets": 15965, "income": 38706, "revenue": 0}, {"ein": "464707666", "name": "WOMEN OF THE WORLD TRANSITION CENTER OF WESTERN NEW YORK INC", "city": "LANCASTER", "state": "NY", "zip": "14086-1115", "ntee": "I71", "ruling": "201502", "deductibility": "1", "assets": 0, "income": 0, "revenue": 0}, {"ein": "464952246", "name": "NEW LIFE WORLD MISSION CENTER INC", "city": "BAYSIDE", "state": "NY", "zip": "11361-3359", "ntee": "T20", "ruling": "201510", "deductibility": "1", "assets": 0, "income": 0, "revenue": 0}, {"ein": "464987442", "name": "OUR WORLD OUTREACH INC", "city": "ROCHESTER", "state": "NY", "zip": "14615-1117", "ntee": "P20", "ruling": "201411", "deductibility": "1", "assets": 0, "income": 0, "revenue": 0}, {"ein": "465062746", "name": "WORLD MIRACLE OUTREACH MINISTRIES", "city": "OZONE PARK", "state": "NY", "zip": "11417-2310", "ntee": "X20", "ruling": "201510", "deductibility": "1", "assets": 0, "income": 0, "revenue": 0}, {"ein": "465547290", "name": "ONE WORLD PROJECT - BROOKLYN", "city": "BROOKLYN", "state": "NY", "zip": "11218-1016", "ntee": "A99", "ruling": "201501", "deductibility": "1", "assets": 2763575, "income": 2519959, "revenue": 2519959}, {"ein": "465631277", "name": "QUEENS WORLD FILM INITIATIVE INC", "city": "JACKSON HEIGHTS", "state": "NY", "zip": "11372-8104", "ntee": "A25", "ruling": "201408", "deductibility": "1", "assets": 20129, "income": 123743, "revenue": 123743}, {"ein": "471023768", "name": "FEED THE WORLD FOUNDATION INC", "city": "JACKSON HEIGHTS", "state": "NY", "zip": "11372-2434", "ntee": "", "ruling": "000000", "deductibility": "0", "assets": 0, "income": 0, "revenue": 0}, {"ein": "471070512", "name": "LIGHT WORLD INTERNATIONAL KINGS CORP", "city": "BROOKLYN", "state": "NY", "zip": "11219-4448", "ntee": "X21", "ruling": "201706", "deductibility": "1", "assets": 2231481, "income": 163474, "revenue": 163474}, {"ein": "471504165", "name": "CHRIST WORLD IMPACT CENTER INC", "city": "BRONX", "state": "NY", "zip": "10467-0343", "ntee": "X20", "ruling": "201501", "deductibility": "1", "assets": 0, "income": 0, "revenue": 0}, {"ein": "472030704", "name": "WORLD AYYAPPA SEVA TATWASAMAJ", "city": "MAMARONECK", "state": "NY", "zip": "10543-2718", "ntee": "X70", "ruling": "201502", "deductibility": "1", "assets": 964013, "income": 170437, "revenue": 170437}, {"ein": "472862511", "name": "REACH YOUR WORLD MINISTRIES", "city": "JAMAICA", "state": "NY", "zip": "11434-2246", "ntee": "X20", "ruling": "201009", "deductibility": "1", "assets": 0, "income": 0, "revenue": 0}, {"ein": "473178528", "name": "WORLD VASECTOMY DAY INC", "city": "NEW YORK", "state": "NY", "zip": "10011-1542", "ntee": "E19", "ruling": "201610", "deductibility": "1", "assets": 373710, "income": 590348, "revenue": 590348}, {"ein": "473215503", "name": "FIRST WORLD NEW PALTZ ALUMNI", "city": "MIDDLETOWN", "state": "NY", "zip": "10940-4749", "ntee": "N62", "ruling": "202003", "deductibility": "1", "assets": 0, "income": 0, "revenue": 0}, {"ein": "473285813", "name": "A BETTER WORLD FOUNDATION UNLIMITED INC", "city": "NEW YORK", "state": "NY", "zip": "10009-3134", "ntee": "X80", "ruling": "201503", "deductibility": "1", "assets": 623798, "income": 50524, "revenue": 50524}, {"ein": "473846125", "name": "SO YOU WANT TO CHANGE THE WORLD", "city": "BROOKLYN", "state": "NY", "zip": "11211-5073", "ntee": "B01", "ruling": "201506", "deductibility": "1", "assets": 7319, "income": 86175, "revenue": 86175}, {"ein": "473894208", "name": "CNY BOOKS FOR THE WORLD INC", "city": "SKANEATELES", "state": "NY", "zip": "13152-1195", "ntee": "S80", "ruling": "201511", "deductibility": "1", "assets": 0, "income": 0, "revenue": 0}, {"ein": "474296347", "name": "WORLD YOGA COMMUNITY", "city": "STATEN ISLAND", "state": "NY", "zip": "10301-1501", "ntee": "A20", "ruling": "201611", "deductibility": "1", "assets": 0, "income": 0, "revenue": 0}, {"ein": "474422088", "name": "TOUCHING LIVES AROUND THE WORLD", "city": "POUGHKEEPSIE", "state": "NY", "zip": "12601-6603", "ntee": "E60", "ruling": "201508", "deductibility": "1", "assets": 0, "income": 0, "revenue": 0}, {"ein": "474510307", "name": "VICTORY WORLD OUTREACH MINISTRY - RESTORATION CENTER", "city": "BRONX", "state": "NY", "zip": "10467-8605", "ntee": "X20", "ruling": "201610", "deductibility": "1", "assets": 0, "income": 0, "revenue": 0}, {"ein": "474682219", "name": "WOWMII-WORLD OVERCOMERS WORD MINISTRIES INTERNATIONAL", "city": "BROOKLYN", "state": "NY", "zip": "11221-7215", "ntee": "X20", "ruling": "201509", "deductibility": "1", "assets": 0, "income": 0, "revenue": 0}, {"ein": "474811319", "name": "USA WORLD CHINESE ASSOCIATION INC", "city": "FLUSHING", "state": "NY", "zip": "11355-5038", "ntee": "P20", "ruling": "201603", "deductibility": "1", "assets": 0, "income": 0, "revenue": 0}, {"ein": "475165703", "name": "ODYSSEUS WORLD FEDERATION OF CEPHALONIAN & ITHACIAN SOCIETIES", "city": "GREENPORT", "state": "NY", "zip": "11944-0000", "ntee": "A23", "ruling": "201607", "deductibility": "1", "assets": 0, "income": 0, "revenue": 0}, {"ein": "475283614", "name": "WORLD RHYTHM ACADEMY", "city": "BROOKLYN", "state": "NY", "zip": "11234-4903", "ntee": "A20", "ruling": "201805", "deductibility": "1", "assets": 0, "income": 0, "revenue": 0}, {"ein": "510141999", "name": "IMPROVED BENEVOLENT & PROTECTIVE ORDER OF ELKS OF THE WORLD", "city": "ITHACA", "state": "NY", "zip": "14850-5252", "ntee": "", "ruling": "194203", "deductibility": "1", "assets": 0, "income": 0, "revenue": 0}, {"ein": "510169058", "name": "IMPROVED BENEVOLENT & PROTECTIVE ORDER OF ELKS OF THE WORLD", "city": "GLOVERSVILLE", "state": "NY", "zip": "12078-4039", "ntee": "", "ruling": "194203", "deductibility": "1", "assets": 0, "income": 0, "revenue": 0}, {"ein": "510172998", "name": "WORLD BUDDHIST CENTRE", "city": "NEW YORK", "state": "NY", "zip": "10002-6432", "ntee": "", "ruling": "197512", "deductibility": "1", "assets": 0, "income": 0, "revenue": 0}, {"ein": "510174627", "name": "MILITARY ORDER OF THE WORLD WARS INC", "city": "SAYVILLE", "state": "NY", "zip": "11782-1426", "ntee": "", "ruling": "195504", "deductibility": "1", "assets": 0, "income": 0, "revenue": 0}, {"ein": "510177592", "name": "BETTER WORLD FUND", "city": "CLINTON", "state": "NY", "zip": "13323-1541", "ntee": "Q42", "ruling": "201101", "deductibility": "1", "assets": 0, "income": 0, "revenue": 0}, {"ein": "510189468", "name": "WORLD LEBANESE CULTURAL UNION OF NEW YORK INC", "city": "WOODBOURNE", "state": "NY", "zip": "12788-0000", "ntee": "", "ruling": "197605", "deductibility": "1", "assets": 1, "income": 25865, "revenue": 25865}, {"ein": "510210886", "name": "IMPROVED BENEVOLENT & PROTECTIVE ORDER OF ELKS OF THE WORLD", "city": "WHITE PLAINS", "state": "NY", "zip": "10602-1688", "ntee": "", "ruling": "194203", "deductibility": "1", "assets": 0, "income": 0, "revenue": 0}, {"ein": "510212064", "name": "IMPROVED BENEVOLENT & PROTECTIVE ORDEROF ELKS OF THE WORLD", "city": "WHITE PLAINS", "state": "NY", "zip": "10603-3442", "ntee": "", "ruling": "194203", "deductibility": "1", "assets": 0, "income": 0, "revenue": 0}, {"ein": "510591586", "name": "WOODMEN OF THE WORLD LIFE INSURANCE SOCIETY", "city": "FREEPORT", "state": "NY", "zip": "11520-5618", "ntee": "", "ruling": "194112", "deductibility": "1", "assets": 0, "income": 0, "revenue": 0}, {"ein": "510609479", "name": "OUR WORLD NEIGHBORHOOD CHARTER SCHOOL-PARENT TEACHERS", "city": "ASTORIA", "state": "NY", "zip": "11106-1227", "ntee": "B122", "ruling": "200804", "deductibility": "1", "assets": 0, "income": 0, "revenue": 0}, {"ein": "520797920", "name": "WORLD JURIST ASSOCIATION", "city": "ROCKVILLE CENTRE", "state": "NY", "zip": "11570-0000", "ntee": "Q300", "ruling": "196510", "deductibility": "1", "assets": 69902, "income": 95286, "revenue": 95286}, {"ein": "521233012", "name": "WORLD HARP CONGRESS INC", "city": "NEW YORK", "state": "NY", "zip": "10024-5342", "ntee": "", "ruling": "198102", "deductibility": "1", "assets": 547665, "income": 50267, "revenue": 50267}, {"ein": "521490194", "name": "WORLD MUSIC PRODUCTIONS INC", "city": "BROOKLYN", "state": "NY", "zip": "11232-2408", "ntee": "A34Z", "ruling": "198703", "deductibility": "1", "assets": 209170, "income": 353185, "revenue": 353185}, {"ein": "522051440", "name": "FAMILY FEDERATION FOR WORLD PEACE AND UNIFICATION INTERNATIONAL", "city": "TARRYTOWN", "state": "NY", "zip": "10591-5892", "ntee": "B99I", "ruling": "199711", "deductibility": "1", "assets": 0, "income": 0, "revenue": 0}, {"ein": "522207910", "name": "WORLD PEACE CENTER MOUNT ZION", "city": "BROOKLYN", "state": "NY", "zip": "11203-1006", "ntee": "X30", "ruling": "200208", "deductibility": "1", "assets": 0, "income": 0, "revenue": 0}, {"ein": "522386591", "name": "WORLD TRADE CENTER BUFFALO NIAGARA INC", "city": "BUFFALO", "state": "NY", "zip": "14211-1057", "ntee": "S41", "ruling": "200311", "deductibility": "2", "assets": 7793, "income": 119273, "revenue": 119273}, {"ein": "542077377", "name": "WORLD STREET CHURCH", "city": "BAYSIDE", "state": "NY", "zip": "11361-2943", "ntee": "X20", "ruling": "200302", "deductibility": "1", "assets": 0, "income": 0, "revenue": 0}, {"ein": "542137595", "name": "WINGS WORLD QUEST INC", "city": "NEW YORK", "state": "NY", "zip": "10017-2024", "ntee": "A57", "ruling": "200411", "deductibility": "1", "assets": 308898, "income": 725799, "revenue": 534139}, {"ein": "561551517", "name": "WOODMEN OF THE WORLD LIFE INSURANCE SOCIETY", "city": "FREEPORT", "state": "NY", "zip": "11520-5618", "ntee": "", "ruling": "194112", "deductibility": "1", "assets": 0, "income": 0, "revenue": 0}, {"ein": "562393219", "name": "WORLD OF LIFE TABERNACLE OF YAHWEH INC", "city": "YONKERS", "state": "NY", "zip": "10705-1639", "ntee": "X20", "ruling": "200406", "deductibility": "1", "assets": 0, "income": 0, "revenue": 0}, {"ein": "562525151", "name": "WORLD CONNECT INC", "city": "NEW YORK", "state": "NY", "zip": "10019-4602", "ntee": "Q33", "ruling": "200605", "deductibility": "1", "assets": 1437505, "income": 3937374, "revenue": 2075392}, {"ein": "562529708", "name": "WORLD SCHOOLS FOUNDATION INC", "city": "NEW YORK", "state": "NY", "zip": "10011-8634", "ntee": "B122", "ruling": "200606", "deductibility": "1", "assets": 0, "income": 0, "revenue": 0}, {"ein": "571147217", "name": "REAL WORLD FOUNDATION INC", "city": "STONE RIDGE", "state": "NY", "zip": "12484-0757", "ntee": "A33", "ruling": "200406", "deductibility": "1", "assets": 0, "income": 0, "revenue": 0}, {"ein": "571149125", "name": "LIGHT OF THE WORLD VICTORIOUS ARMY INC", "city": "JAMAICA", "state": "NY", "zip": "11434-4321", "ntee": "X20", "ruling": "200709", "deductibility": "1", "assets": 0, "income": 0, "revenue": 0}, {"ein": "571206493", "name": "WORLD PARKINSON COALITION INC", "city": "NEW YORK", "state": "NY", "zip": "10018-7102", "ntee": "G20", "ruling": "200412", "deductibility": "1", "assets": 303478, "income": 3373393, "revenue": 3373393}, {"ein": "592255384", "name": "INTERNATIONAL WORLD MINISTRIES INC", "city": "STATEN ISLAND", "state": "NY", "zip": "10309-3041", "ntee": "", "ruling": "198305", "deductibility": "1", "assets": 3544, "income": 5490, "revenue": 5490}, {"ein": "593794144", "name": "WOODMEN OF THE WORLD LIFE INSURANCE SOCIETY", "city": "TUPPER LAKE", "state": "NY", "zip": "12986-2325", "ntee": "", "ruling": "194112", "deductibility": "1", "assets": 0, "income": 0, "revenue": 0}, {"ein": "593806211", "name": "2011 WORLD POLICE & FIRE GAMES AND MEMORIAL INC", "city": "FLUSHING", "state": "NY", "zip": "11358-3334", "ntee": "N70", "ruling": "200606", "deductibility": "1", "assets": 0, "income": 0, "revenue": 0}, {"ein": "611661057", "name": "INDUSTRIAL WORKERS OF THE WORLD JAMES CONNOLLY GMB", "city": "ALTAMONT", "state": "NY", "zip": "12009-0077", "ntee": "J40", "ruling": "202307", "deductibility": "2", "assets": 0, "income": 0, "revenue": 0}, {"ein": "611666525", "name": "WORLD OF GIVING INC", "city": "SPRING VALLEY", "state": "NY", "zip": "10977-2007", "ntee": "T30", "ruling": "201309", "deductibility": "1", "assets": 4732798, "income": 20924511, "revenue": 20924511}, {"ein": "611745872", "name": "NATIONAL SEPTEMBER 11 MEMORIAL AND MUSEUM AT THE WORLD TRADE CENTER", "city": "NEW YORK", "state": "NY", "zip": "10281-1116", "ntee": "A84", "ruling": "201609", "deductibility": "1", "assets": 547842313, "income": 141821286, "revenue": 93280595}, {"ein": "651188328", "name": "WORLD AFFAIRS COUNCIL OF THE MID-HUDSON VALLEY INC", "city": "POUGHKEEPSIE", "state": "NY", "zip": "12603-4427", "ntee": "V35", "ruling": "201012", "deductibility": "1", "assets": 0, "income": 0, "revenue": 0}, {"ein": "711017436", "name": "WORLD CORROSION ORGANIZATION", "city": "NEW YORK", "state": "NY", "zip": "10116-2544", "ntee": "B90", "ruling": "200802", "deductibility": "1", "assets": 40555, "income": 3580, "revenue": 3580}, {"ein": "741946190", "name": "BRAHMA KUMARIS WORLD SPIRITUAL ORGANIZATION", "city": "GREAT NECK", "state": "NY", "zip": "11021-3456", "ntee": "X21", "ruling": "200106", "deductibility": "1", "assets": 0, "income": 0, "revenue": 0}, {"ein": "753071237", "name": "SOMETHING GOOD IN THE WORLD INC", "city": "CORTLANDT MNR", "state": "NY", "zip": "10567-6248", "ntee": "O50", "ruling": "200502", "deductibility": "1", "assets": 22546, "income": 52314, "revenue": 52314}, {"ein": "753266290", "name": "HEAL RAISING OUR WORLD FOUNDATION INC", "city": "WATERVLIET", "state": "NY", "zip": "12189-2332", "ntee": "Q33", "ruling": "200808", "deductibility": "1", "assets": 101630, "income": 171539, "revenue": 171539}, {"ein": "770620589", "name": "WORLD CULTURE OPEN INC", "city": "NEW YORK", "state": "NY", "zip": "10001-5501", "ntee": "A20", "ruling": "200404", "deductibility": "1", "assets": 26611, "income": 3908, "revenue": 3908}, {"ein": "800220081", "name": "WILLIAMS WORLD WAR 2 AIRFIELD INC", "city": "DRYDEN", "state": "NY", "zip": "13053-2724", "ntee": "B20", "ruling": "202102", "deductibility": "1", "assets": 0, "income": 0, "revenue": 0}, {"ein": "800588583", "name": "WORLD WIDE REVIVAL MINISTRIES INC", "city": "NORTH BALDWIN", "state": "NY", "zip": "11510-2605", "ntee": "X20", "ruling": "201010", "deductibility": "1", "assets": 0, "income": 0, "revenue": 0}, {"ein": "800666853", "name": "WORLD CULTURE AND ART ASSOCIATION INC", "city": "FULTONVILLE", "state": "NY", "zip": "12072-1907", "ntee": "X99", "ruling": "201111", "deductibility": "1", "assets": 0, "income": 0, "revenue": 0}, {"ein": "800695758", "name": "EIGHT 4 THIRD WORLD HOPE INC", "city": "CANANDAIGUA", "state": "NY", "zip": "14424-2117", "ntee": "Q33", "ruling": "201108", "deductibility": "1", "assets": 83654, "income": 155003, "revenue": 155003}, {"ein": "800837738", "name": "FEED MY SHEEP WORLD OUTREACH MINISTRIES INC", "city": "STATEN ISLAND", "state": "NY", "zip": "10302-1628", "ntee": "X99", "ruling": "201708", "deductibility": "1", "assets": 0, "income": 0, "revenue": 0}, {"ein": "810571920", "name": "WOODMEN OF THE WORLD LIFE INSURANCE SOCIETY", "city": "KEESEVILLE", "state": "NY", "zip": "12944-0153", "ntee": "", "ruling": "194112", "deductibility": "1", "assets": 0, "income": 0, "revenue": 0}, {"ein": "810620878", "name": "CREATE YOUR OWN WORLD NURSERY AND DAYCARE CENTER INC", "city": "BRONX", "state": "NY", "zip": "10473-4827", "ntee": "P33", "ruling": "201410", "deductibility": "1", "assets": 1, "income": 0, "revenue": 0}, {"ein": "810924975", "name": "WORLD YOUTH GROUP INC", "city": "NEW YORK", "state": "NY", "zip": "10010-6002", "ntee": "O20", "ruling": "201606", "deductibility": "1", "assets": 0, "income": 0, "revenue": 0}, {"ein": "811054248", "name": "MOREANO WORLD MEDICAL MISSION INC", "city": "JACKSON HTS", "state": "NY", "zip": "11372-7901", "ntee": "E99", "ruling": "201601", "deductibility": "1", "assets": 0, "income": 0, "revenue": 0}, {"ein": "811067133", "name": "LIFTING UP THE WORLD INC", "city": "BRONX", "state": "NY", "zip": "10467-5773", "ntee": "Q33", "ruling": "201704", "deductibility": "1", "assets": 0, "income": 0, "revenue": 0}, {"ein": "811142760", "name": "ONE WORLD ONE VISION FOUNDATION", "city": "PURCHASE", "state": "NY", "zip": "10577-2597", "ntee": "T30", "ruling": "201602", "deductibility": "1", "assets": 0, "income": 0, "revenue": 0}, {"ein": "811772308", "name": "SMALL WORLD INITIATIVE INC", "city": "LARCHMONT", "state": "NY", "zip": "10538-2741", "ntee": "U20", "ruling": "201606", "deductibility": "1", "assets": 0, "income": 0, "revenue": 0}, {"ein": "812051401", "name": "RIVER OF LIFE WORLD MISSION INC", "city": "SAUGERTIES", "state": "NY", "zip": "12477-4511", "ntee": "X99", "ruling": "201903", "deductibility": "1", "assets": 40511, "income": 74396, "revenue": 74396}, {"ein": "812166788", "name": "WORLD CONFUCIUS FOUNDATION INC", "city": "ROSLYN", "state": "NY", "zip": "11576-2139", "ntee": "B01", "ruling": "201605", "deductibility": "1", "assets": 0, "income": 0, "revenue": 0}, {"ein": "812652020", "name": "WORLD OF PINK FOUNDATION INC", "city": "MERRICK", "state": "NY", "zip": "11566-5336", "ntee": "P20", "ruling": "201605", "deductibility": "1", "assets": 167556, "income": 189774, "revenue": 189774}, {"ein": "812815702", "name": "ITS OUR WORLD TOO", "city": "ALBANY", "state": "NY", "zip": "12207-2922", "ntee": "N99", "ruling": "201607", "deductibility": "1", "assets": 0, "income": 0, "revenue": 0}, {"ein": "812830573", "name": "WORLD BUDDHISM PROMOTION ASSOCIATION INC", "city": "NEW YORK", "state": "NY", "zip": "10023-7859", "ntee": "X50", "ruling": "201703", "deductibility": "1", "assets": 0, "income": 0, "revenue": 0}, {"ein": "812904413", "name": "WORLD FIGURE SPORT ORGANIZATION", "city": "LAKE PLACID", "state": "NY", "zip": "12946-1145", "ntee": "N68", "ruling": "201612", "deductibility": "1", "assets": 29106, "income": 99700, "revenue": 97167}, {"ein": "813247221", "name": "ONE WORLD GIVING INC", "city": "WILLIAMSVILLE", "state": "NY", "zip": "14221-1770", "ntee": "P84", "ruling": "201607", "deductibility": "1", "assets": 0, "income": 0, "revenue": 0}, {"ein": "813344298", "name": "HEALING THE WORLD MINISTRIES INC", "city": "RIDGEWOOD", "state": "NY", "zip": "11385-6427", "ntee": "Q33", "ruling": "201609", "deductibility": "1", "assets": 0, "income": 0, "revenue": 0}, {"ein": "813380082", "name": "NEW LIFE WORLD HARVEST RESTORATION CENTER INC", "city": "BUFFALO", "state": "NY", "zip": "14240-3084", "ntee": "X20", "ruling": "201704", "deductibility": "1", "assets": 2497, "income": 55401, "revenue": 55401}, {"ein": "813406914", "name": "FRIENDS OF WORLD OF INQUIRY INC", "city": "ROCHESTER", "state": "NY", "zip": "14618-1431", "ntee": "B12", "ruling": "202408", "deductibility": "1", "assets": 0, "income": 0, "revenue": 0}, {"ein": "813412229", "name": "LIGHT UP THE WORLD INC", "city": "BROOKLYN", "state": "NY", "zip": "11212-5035", "ntee": "X30", "ruling": "201706", "deductibility": "1", "assets": 0, "income": 0, "revenue": 0}, {"ein": "813487618", "name": "WORLD OF SMILES INC", "city": "NEW YORK", "state": "NY", "zip": "10111-1877", "ntee": "E70", "ruling": "201609", "deductibility": "1", "assets": 110914, "income": 48878, "revenue": 48878}, {"ein": "813516172", "name": "WORLD PEACE & COMMUNICATION ASSOCIATION INC", "city": "NEW YORK", "state": "NY", "zip": "10038-0130", "ntee": "X50", "ruling": "201608", "deductibility": "1", "assets": 0, "income": 0, "revenue": 0}, {"ein": "813596410", "name": "SAVE THE ANIMALS SAVE THE WORLD", "city": "E NORTHPORT", "state": "NY", "zip": "11731-3015", "ntee": "W12", "ruling": "201704", "deductibility": "1", "assets": 0, "income": 0, "revenue": 0}, {"ein": "813744905", "name": "WOMENS WORLD", "city": "NEW YORK", "state": "NY", "zip": "10034-3126", "ntee": "P20", "ruling": "202211", "deductibility": "1", "assets": 0, "income": 0, "revenue": 0}, {"ein": "813891758", "name": "1 WORLD EXPO INC", "city": "JAMAICA", "state": "NY", "zip": "11434-3841", "ntee": "Q21", "ruling": "202309", "deductibility": "1", "assets": 0, "income": 0, "revenue": 0}, {"ein": "813999005", "name": "LIGHT FOR THE WORLD USA INC", "city": "NEW YORK", "state": "NY", "zip": "10001-5209", "ntee": "Q30", "ruling": "201708", "deductibility": "1", "assets": 7842, "income": 2500, "revenue": 2500}, {"ein": "814316766", "name": "DREAM BIG WORLD THEATRE INC", "city": "NEW YORK", "state": "NY", "zip": "10002-2694", "ntee": "A65", "ruling": "201706", "deductibility": "1", "assets": 3685, "income": 63900, "revenue": 63900}, {"ein": "814336417", "name": "WORLD ARAL REGION CHARITY INC", "city": "GLENMONT", "state": "NY", "zip": "12077-3104", "ntee": "C99", "ruling": "201701", "deductibility": "1", "assets": 0, "income": 0, "revenue": 0}, {"ein": "814670573", "name": "SUSTAINABLE WORLD INC", "city": "NEW YORK", "state": "NY", "zip": "10028-0007", "ntee": "C20", "ruling": "201705", "deductibility": "1", "assets": 74293, "income": 2908, "revenue": 2908}, {"ein": "814694671", "name": "RECONCILING THE WORLD WITH GOD CHURCH", "city": "BROOKLYN", "state": "NY", "zip": "11206-5323", "ntee": "X20", "ruling": "201705", "deductibility": "1", "assets": 0, "income": 0, "revenue": 0}, {"ein": "815199143", "name": "WORLD HUG FOUNDATION INC", "city": "BRONX", "state": "NY", "zip": "10455-1231", "ntee": "Q40", "ruling": "201708", "deductibility": "1", "assets": 864, "income": 50959, "revenue": 50959}, {"ein": "815255570", "name": "WORLD GYM COMMUNITY INC", "city": "EAST SETAUKET", "state": "NY", "zip": "11733-1002", "ntee": "B82", "ruling": "201710", "deductibility": "1", "assets": 0, "income": 0, "revenue": 0}, {"ein": "815380060", "name": "CANTORS WORLD LTD", "city": "BROOKLYN", "state": "NY", "zip": "11218-0000", "ntee": "X30", "ruling": "201708", "deductibility": "1", "assets": 208, "income": 74328, "revenue": 74328}, {"ein": "820762816", "name": "WORLD IMPACT COMMUNITY SERVICES INC", "city": "WOODMERE", "state": "NY", "zip": "11598-1221", "ntee": "S20", "ruling": "201704", "deductibility": "1", "assets": 0, "income": 0, "revenue": 0}, {"ein": "820886579", "name": "HIS AND HIS ALONE WORLD CENTER INC", "city": "BRENTWOOD", "state": "NY", "zip": "11717-7403", "ntee": "X99", "ruling": "201907", "deductibility": "1", "assets": 0, "income": 0, "revenue": 0}, {"ein": "821070809", "name": "ONE WORLD GIRL INC", "city": "RYE BROOK", "state": "NY", "zip": "10573-1510", "ntee": "B82", "ruling": "201807", "deductibility": "1", "assets": 0, "income": 0, "revenue": 0}, {"ein": "821123655", "name": "WORLD CHINESE CULTURE CENTER INC", "city": "AMSTERDAM", "state": "NY", "zip": "12010-0617", "ntee": "X50", "ruling": "201708", "deductibility": "1", "assets": 0, "income": 0, "revenue": 0}, {"ein": "821155149", "name": "WHITEHOUSE MINISTRIES ALADURA WORLD WIDE INC", "city": "BRONX", "state": "NY", "zip": "10458-4030", "ntee": "X20", "ruling": "201807", "deductibility": "1", "assets": 0, "income": 0, "revenue": 0}, {"ein": "821190645", "name": "BETTER WORLD FUND", "city": "POUGHKEEPSIE", "state": "NY", "zip": "12603-4427", "ntee": "", "ruling": "201101", "deductibility": "1", "assets": 0, "income": 0, "revenue": 0}, {"ein": "821504606", "name": "A BETTER WORLD COMMUNITY DEVELOPMENT CORPORATION", "city": "BROOKLYN", "state": "NY", "zip": "11201-4410", "ntee": "T30", "ruling": "201711", "deductibility": "1", "assets": 634, "income": 92737, "revenue": 92737}, {"ein": "821615791", "name": "FUTURE LEADERS OF THE WORLD", "city": "SUFFERN", "state": "NY", "zip": "10901-2908", "ntee": "O50", "ruling": "201805", "deductibility": "1", "assets": 0, "income": 0, "revenue": 0}, {"ein": "821728723", "name": "WORLD ROMA FEDERATION INC", "city": "BROOKLYN", "state": "NY", "zip": "11235-2805", "ntee": "P99", "ruling": "201708", "deductibility": "1", "assets": 0, "income": 0, "revenue": 0}, {"ein": "822005992", "name": "WORLD POETRY BOOKS", "city": "NEW YORK", "state": "NY", "zip": "10023-5414", "ntee": "A33", "ruling": "201802", "deductibility": "1", "assets": 1328049, "income": 1631863, "revenue": 1631863}, {"ein": "822410689", "name": "IDL WORLD INC", "city": "LAGRANGEVILLE", "state": "NY", "zip": "12540-5054", "ntee": "B01", "ruling": "202110", "deductibility": "1", "assets": 0, "income": 0, "revenue": 0}, {"ein": "822446572", "name": "WORLD RESTORATION CENTER INC", "city": "WESTBURY", "state": "NY", "zip": "11590-2304", "ntee": "X21", "ruling": "202107", "deductibility": "1", "assets": 338902, "income": 324138, "revenue": 0}, {"ein": "822552121", "name": "WORLD SIKH PARLIAMENT LTD", "city": "EAST ELMHURST", "state": "NY", "zip": "11370-1207", "ntee": "X11", "ruling": "202407", "deductibility": "1", "assets": 0, "income": 0, "revenue": 0}, {"ein": "822761752", "name": "WORLD ANIMAL RESCUE INC", "city": "NEW YORK", "state": "NY", "zip": "10025-3983", "ntee": "D20", "ruling": "202105", "deductibility": "1", "assets": 0, "income": 0, "revenue": 0}, {"ein": "822828138", "name": "WOMENS WORLD BANKING INC", "city": "NEW YORK", "state": "NY", "zip": "10169-0026", "ntee": "Q30", "ruling": "201711", "deductibility": "1", "assets": 44684590, "income": 36487184, "revenue": 23644561}, {"ein": "822932006", "name": "UNLEASHED WORLD INC", "city": "NEW YORK", "state": "NY", "zip": "10065-4907", "ntee": "A23", "ruling": "201809", "deductibility": "1", "assets": 88927, "income": 0, "revenue": 0}, {"ein": "823004277", "name": "WORLD ORGANIZATION TO INVESTIGATE THE PERSECUTION OF FALUN GONG INC", "city": "NEW YORK", "state": "NY", "zip": "10116-0084", "ntee": "V25", "ruling": "201909", "deductibility": "1", "assets": 49576, "income": 4871, "revenue": 4871}, {"ein": "823058419", "name": "ARTSMART WORLD FOUNDATION INC", "city": "BREWSTER", "state": "NY", "zip": "10509-2674", "ntee": "", "ruling": "201710", "deductibility": "1", "assets": 0, "income": 0, "revenue": 0}, {"ein": "823075765", "name": "WORLD OUTREACH WORSHIP CENTER INC", "city": "SUFFERN", "state": "NY", "zip": "10901-3966", "ntee": "X21", "ruling": "201810", "deductibility": "1", "assets": 0, "income": 0, "revenue": 0}, {"ein": "823281159", "name": "BLACK FASHION WORLD FOUNDATION INC", "city": "NEW YORK", "state": "NY", "zip": "10040-2520", "ntee": "B82", "ruling": "201904", "deductibility": "1", "assets": 0, "income": 0, "revenue": 0}, {"ein": "823815555", "name": "WORLD VELO INC", "city": "MONSEY", "state": "NY", "zip": "10952-5120", "ntee": "O50", "ruling": "201809", "deductibility": "1", "assets": 0, "income": 0, "revenue": 0}, {"ein": "823877875", "name": "HEAVENLY CULTURE WORLD PEACE RESTORATION OF LIGHT - HWPL NY", "city": "LONG IS CITY", "state": "NY", "zip": "11101-3906", "ntee": "X90", "ruling": "202401", "deductibility": "1", "assets": 0, "income": 0, "revenue": 0}, {"ein": "824081731", "name": "WORLD TEACHING MINISTRY OF JESUS INC", "city": "HOLBROOK", "state": "NY", "zip": "11741-4615", "ntee": "X20", "ruling": "201803", "deductibility": "1", "assets": 0, "income": 0, "revenue": 0}, {"ein": "824378001", "name": "DEMOCRACY FOR THE ARAB WORLD NOW INC", "city": "BROOKLYN", "state": "NY", "zip": "11217-1811", "ntee": "Q05", "ruling": "202201", "deductibility": "1", "assets": 104433, "income": 824402, "revenue": 779186}, {"ein": "824418709", "name": "CAN ART CHANGE THE WORLD INC", "city": "NEW YORK", "state": "NY", "zip": "10012-4215", "ntee": "A20", "ruling": "202206", "deductibility": "1", "assets": 9620577, "income": 477504, "revenue": 477504}, {"ein": "824418753", "name": "WORLD REFUGEE DAY IN WESTERN NEW YORK INC", "city": "BUFFALO", "state": "NY", "zip": "14217-2011", "ntee": "S21", "ruling": "201805", "deductibility": "1", "assets": 0, "income": 0, "revenue": 0}, {"ein": "825084957", "name": "AMERICAN WORLD ARTISTS ASSOCIATION INC", "city": "SYOSSET", "state": "NY", "zip": "11791-2206", "ntee": "B03", "ruling": "201805", "deductibility": "1", "assets": 0, "income": 0, "revenue": 0}, {"ein": "825356147", "name": "WORLD CULTURAL ARTS ORGANIZATION", "city": "NEW YORK", "state": "NY", "zip": "10002-7839", "ntee": "A20", "ruling": "201901", "deductibility": "1", "assets": 0, "income": 0, "revenue": 0}, {"ein": "830342293", "name": "LIGHT TO THE WORLD CHRISTIAN FELLOWSHIP", "city": "HUNTINGTN STA", "state": "NY", "zip": "11746-2402", "ntee": "", "ruling": "200407", "deductibility": "1", "assets": 0, "income": 0, "revenue": 0}, {"ein": "830786023", "name": "WORLD HUMAN ACCOUNTABILITY ORGANIZATION INC", "city": "NEW YORK", "state": "NY", "zip": "10038-2532", "ntee": "A20", "ruling": "201808", "deductibility": "1", "assets": 36731, "income": 16899, "revenue": 16899}, {"ein": "831325585", "name": "MATH WORLD CORP", "city": "COLLEGE POINT", "state": "NY", "zip": "11356-2125", "ntee": "B60", "ruling": "201811", "deductibility": "1", "assets": 0, "income": 0, "revenue": 0}, {"ein": "831534671", "name": "HOPEFUL WORLD INC", "city": "QUEENS VILLAGE", "state": "NY", "zip": "11427-0000", "ntee": "Q30", "ruling": "201810", "deductibility": "1", "assets": 1, "income": 22100, "revenue": 22100}, {"ein": "832051523", "name": "FRIENDS OF NEW WORLD PREP INC", "city": "STATEN ISLAND", "state": "NY", "zip": "10302-1234", "ntee": "B11", "ruling": "201905", "deductibility": "1", "assets": 73781458, "income": 2250120, "revenue": 2250120}, {"ein": "832057208", "name": "DIVINE LIGHT WORLD INC", "city": "QUEENS VLG", "state": "NY", "zip": "11427-2506", "ntee": "A20", "ruling": "201812", "deductibility": "1", "assets": 588622, "income": 195378, "revenue": 195378}, {"ein": "832086428", "name": "WORLD MUSICIANS PROJECT INC", "city": "NEW YORK", "state": "NY", "zip": "10027-6821", "ntee": "A25", "ruling": "201811", "deductibility": "1", "assets": 0, "income": 0, "revenue": 0}, {"ein": "832128471", "name": "WOMEN LIGHT THE WORLD", "city": "NEW YORK", "state": "NY", "zip": "10023-2740", "ntee": "Q33", "ruling": "201907", "deductibility": "1", "assets": 0, "income": 0, "revenue": 0}, {"ein": "832152370", "name": "NYS ASSOCIATION OF WORLD LANGUAGE ADMINISTRATORS INC", "city": "WOODBURY", "state": "NY", "zip": "11797-0460", "ntee": "B03", "ruling": "201903", "deductibility": "1", "assets": 26057, "income": 29392, "revenue": 29392}, {"ein": "832400968", "name": "WORLD OF GIRLS & BOYS LEADERSHIP", "city": "BUFFALO", "state": "NY", "zip": "14215-0411", "ntee": "O50", "ruling": "201906", "deductibility": "1", "assets": 1, "income": 80379, "revenue": 80379}, {"ein": "832585487", "name": "PLANTING AND HARVESTING THROUGH THE WORLD MINISTRIES", "city": "OZONE PARK", "state": "NY", "zip": "11416-1724", "ntee": "X20", "ruling": "202102", "deductibility": "1", "assets": 0, "income": 0, "revenue": 0}, {"ein": "832674831", "name": "LIGHT OF THE WORLD TABERNACLE OF PRAISE INC", "city": "ALBANY", "state": "NY", "zip": "12202-2012", "ntee": "X20", "ruling": "201908", "deductibility": "1", "assets": 0, "income": 0, "revenue": 0}, {"ein": "833762763", "name": "WORLD ARTS AND CULTURE ALLIANCE INC", "city": "OAKLAND GDNS", "state": "NY", "zip": "11364-3114", "ntee": "B01", "ruling": "201906", "deductibility": "1", "assets": 11304, "income": 9000, "revenue": 9000}, {"ein": "834049615", "name": "WORLD IMMIGRATION CENTER INC", "city": "ELMHURST", "state": "NY", "zip": "11373-1578", "ntee": "I80", "ruling": "201904", "deductibility": "1", "assets": 423, "income": 317684, "revenue": 317684}, {"ein": "834136236", "name": "WORLD HEART PROJECT INC", "city": "STATEN ISLAND", "state": "NY", "zip": "10301-2425", "ntee": "", "ruling": "202108", "deductibility": "1", "assets": 0, "income": 0, "revenue": 0}, {"ein": "834467935", "name": "ONE WORLD PRESBYTERIAN CHURCH", "city": "FLUSHUNG", "state": "NY", "zip": "11354-3939", "ntee": "", "ruling": "199204", "deductibility": "1", "assets": 0, "income": 0, "revenue": 0}, {"ein": "841764180", "name": "FULLNESS WORLD CHRISTIAN CENTER INC", "city": "LONG ISLAND CITY", "state": "NY", "zip": "11101-2243", "ntee": "", "ruling": "202009", "deductibility": "1", "assets": 0, "income": 0, "revenue": 0}, {"ein": "841795655", "name": "FUTURE WORLD FIGHTERS INC", "city": "BUFFALO", "state": "NY", "zip": "14213-1356", "ntee": "P84", "ruling": "201912", "deductibility": "1", "assets": 0, "income": 0, "revenue": 0}, {"ein": "842124550", "name": "ONE FOR THE WORLD INC", "city": "NEW YORK", "state": "NY", "zip": "10003-1502", "ntee": "S80", "ruling": "202005", "deductibility": "1", "assets": 901413, "income": 1044546, "revenue": 1044546}, {"ein": "842131544", "name": "HUMANS OF OUR WORLD FOUNDATION", "city": "BROOKLYN", "state": "NY", "zip": "11209-3612", "ntee": "A70", "ruling": "201907", "deductibility": "1", "assets": 0, "income": 0, "revenue": 0}, {"ein": "842133252", "name": "WORLD YOUTH UNION INC", "city": "FLUSHING", "state": "NY", "zip": "11354-5188", "ntee": "O99", "ruling": "202003", "deductibility": "1", "assets": 46676, "income": 0, "revenue": 0}, {"ein": "842461002", "name": "BOOKS FOR THE WORLD WESTERN NEW YORK", "city": "FAIRPORT", "state": "NY", "zip": "14450-3361", "ntee": "B90", "ruling": "201907", "deductibility": "1", "assets": 0, "income": 0, "revenue": 0}, {"ein": "842618830", "name": "WLPO - WORLD LEADING PERSONALITIES ORGANIZATION INC", "city": "SYOSSET", "state": "NY", "zip": "11791-0000", "ntee": "H32", "ruling": "202004", "deductibility": "1", "assets": 0, "income": 0, "revenue": 0}, {"ein": "843128116", "name": "WORLD REFORM PROJECT INC", "city": "ROCHESTER", "state": "NY", "zip": "14613-2148", "ntee": "C50", "ruling": "202011", "deductibility": "1", "assets": 0, "income": 0, "revenue": 0}, {"ein": "843175395", "name": "WORLD BUDDHIST TEMPLE", "city": "NEW YORK", "state": "NY", "zip": "10002-6432", "ntee": "X50", "ruling": "202002", "deductibility": "1", "assets": 0, "income": 0, "revenue": 0}, {"ein": "843779390", "name": "GOOD WORLD ANIMAL RESCUE AND PROTECTION INC", "city": "NEW YORK", "state": "NY", "zip": "10004-2783", "ntee": "D20", "ruling": "202402", "deductibility": "1", "assets": 672, "income": 820947, "revenue": 820947}, {"ein": "844144582", "name": "WOMEN OF THE WORLD ENDOWMENT INC", "city": "PALISADES", "state": "NY", "zip": "10964-1624", "ntee": "R24", "ruling": "202007", "deductibility": "1", "assets": 3866074, "income": 11198450, "revenue": -813115}, {"ein": "844180745", "name": "INDUSTRIAL WORKERS OF THE WORLD", "city": "NEW YORK", "state": "NY", "zip": "10038-3703", "ntee": "J40", "ruling": "201304", "deductibility": "2", "assets": 0, "income": 0, "revenue": 0}, {"ein": "844634997", "name": "INDIGENOUS WORLD ORGANIZATION", "city": "AKWESASNE", "state": "NY", "zip": "13655-2186", "ntee": "W03", "ruling": "202003", "deductibility": "1", "assets": 32355, "income": 425787, "revenue": 425787}, {"ein": "844904635", "name": "WORLD LEADERSHIP INSTITUTE INC", "city": "FLUSHING", "state": "NY", "zip": "11354-4649", "ntee": "O99", "ruling": "202003", "deductibility": "1", "assets": 1, "income": 0, "revenue": 0}, {"ein": "844976408", "name": "PROJECT HELLO WORLD INC", "city": "NEW YORK", "state": "NY", "zip": "10025-6954", "ntee": "Q33", "ruling": "202006", "deductibility": "1", "assets": 0, "income": 0, "revenue": 0}, {"ein": "850841912", "name": "CHRISTIAN WORLD MINISTRY AND MISSIONARY INC", "city": "S RICHMOND HL", "state": "NY", "zip": "11419-1705", "ntee": "X20", "ruling": "202302", "deductibility": "1", "assets": 0, "income": 0, "revenue": 0}, {"ein": "851266850", "name": "MUSICIANS FOR THE WORLD", "city": "EAST ELMHURST", "state": "NY", "zip": "11370-1411", "ntee": "A25", "ruling": "202011", "deductibility": "1", "assets": 0, "income": 0, "revenue": 0}, {"ein": "851774351", "name": "GLORY & GRACE WORLD MISSION FOUNDATION INC", "city": "FLUSHING", "state": "NY", "zip": "11354-4293", "ntee": "A70", "ruling": "202008", "deductibility": "1", "assets": 44331, "income": 46131, "revenue": 0}, {"ein": "852232741", "name": "WORLD DEVELOPMENT BUSINESS INC", "city": "ELMHURST", "state": "NY", "zip": "11373-3132", "ntee": "P20", "ruling": "202009", "deductibility": "1", "assets": 768, "income": 15089, "revenue": 15089}, {"ein": "852336085", "name": "EMO AND CIV HELP THE WORLD CORP", "city": "NEW YORK", "state": "NY", "zip": "10033-6453", "ntee": "F99", "ruling": "202011", "deductibility": "1", "assets": 0, "income": 0, "revenue": 0}, {"ein": "853054622", "name": "ONE WORLD NEXT CORPORATION", "city": "NEW YORK", "state": "NY", "zip": "10016-5100", "ntee": "X99", "ruling": "202203", "deductibility": "1", "assets": 0, "income": 0, "revenue": 0}, {"ein": "853290971", "name": "ONE WORLD INITIATIVE ADVOCACY INC", "city": "NEW YORK", "state": "NY", "zip": "10001-3998", "ntee": "A30", "ruling": "202101", "deductibility": "1", "assets": 0, "income": 0, "revenue": 0}, {"ein": "853445670", "name": "RAISING THE WORLD INC", "city": "STUYVESANT FL", "state": "NY", "zip": "12174-0212", "ntee": "Q33", "ruling": "202301", "deductibility": "1", "assets": 38987, "income": 21842, "revenue": 21842}, {"ein": "853704771", "name": "CURRICULUM WORLD INC", "city": "BROOKLYN", "state": "NY", "zip": "11219-2543", "ntee": "B90", "ruling": "202109", "deductibility": "1", "assets": 0, "income": 0, "revenue": 0}, {"ein": "853707451", "name": "WORLD AROUND INC", "city": "BROOKLYN", "state": "NY", "zip": "11217-4302", "ntee": "A20", "ruling": "202107", "deductibility": "1", "assets": 60824, "income": 692143, "revenue": 669960}, {"ein": "853934393", "name": "HELP FOR A BETTER WORLD INTERNATIONAL INC", "city": "N BELLMORE", "state": "NY", "zip": "11710-1913", "ntee": "P20", "ruling": "202104", "deductibility": "1", "assets": 0, "income": 0, "revenue": 0}, {"ein": "854150868", "name": "GREAT ALLIANCE OF WORLD RELIGIOUS COOPERATION INC", "city": "FLUSHING", "state": "NY", "zip": "11354-6537", "ntee": "X90", "ruling": "202105", "deductibility": "1", "assets": 1, "income": 0, "revenue": 0}, {"ein": "861212053", "name": "GIRLZ FOR THE WORLD INC", "city": "NEW YORK", "state": "NY", "zip": "10024-4569", "ntee": "S81", "ruling": "202104", "deductibility": "1", "assets": 0, "income": 0, "revenue": 0}, {"ein": "862320428", "name": "IG WORLD RUNS INC", "city": "BRONX", "state": "NY", "zip": "10470-1029", "ntee": "N62", "ruling": "202411", "deductibility": "1", "assets": 0, "income": 0, "revenue": 0}, {"ein": "862391994", "name": "WORLD MALAYALEE COUNCIL AMERICA REGION INC", "city": "EAST MEADOW", "state": "NY", "zip": "11554-3021", "ntee": "A23", "ruling": "202202", "deductibility": "1", "assets": 6272, "income": 60617, "revenue": 60617}, {"ein": "862748299", "name": "WORLD GREEN GROWTH ORGANIZATION", "city": "BAYSIDE", "state": "NY", "zip": "11361-1743", "ntee": "C30", "ruling": "202107", "deductibility": "1", "assets": 1, "income": 0, "revenue": 0}, {"ein": "863064182", "name": "TABERNACLE WORLD MINISTRIES INCORPORATED", "city": "ALBANY", "state": "NY", "zip": "12206-5088", "ntee": "T50", "ruling": "202107", "deductibility": "1", "assets": 0, "income": 0, "revenue": 0}, {"ein": "863297555", "name": "WORLD WIDE HUGS INC", "city": "BROOKLYN", "state": "NY", "zip": "11230-7297", "ntee": "P50", "ruling": "202109", "deductibility": "1", "assets": 1, "income": 4500, "revenue": 4500}, {"ein": "871298822", "name": "ORATO WORLD MEDIA FOUNDATION INC", "city": "BLASDELL", "state": "NY", "zip": "14219-2122", "ntee": "B01", "ruling": "202203", "deductibility": "1", "assets": 150, "income": 150, "revenue": 150}, {"ein": "872416252", "name": "WORLD UPSIDE DOWN INTERNATIONAL INC", "city": "ENDICOTT", "state": "NY", "zip": "13760-4746", "ntee": "X20", "ruling": "202307", "deductibility": "1", "assets": 0, "income": 0, "revenue": 0}, {"ein": "872848285", "name": "WORLD HOME FOUNDATION", "city": "NEW YORK", "state": "NY", "zip": "10111-0100", "ntee": "L80", "ruling": "202208", "deductibility": "1", "assets": 0, "income": 0, "revenue": 0}, {"ein": "872896289", "name": "MAKE A CHANGE WORLD INC", "city": "NEW YORK", "state": "NY", "zip": "10012-4689", "ntee": "C12", "ruling": "202202", "deductibility": "1", "assets": 1383365, "income": 988865, "revenue": 988865}, {"ein": "873504240", "name": "WORLD HEALTH FOUNDATION", "city": "NEW YORK", "state": "NY", "zip": "10019-0000", "ntee": "E19", "ruling": "202203", "deductibility": "1", "assets": 501293, "income": 476901, "revenue": 476901}, {"ein": "873515897", "name": "DIPLOMACY FOR WORLD PEACE INC", "city": "EAST MEADOW", "state": "NY", "zip": "11554-3135", "ntee": "P20", "ruling": "202202", "deductibility": "1", "assets": 0, "income": 0, "revenue": 0}, {"ein": "873959336", "name": "ETHIOPIAN WORLD FEDERATION INCORPORATED LOCAL 1", "city": "NEW YORK", "state": "NY", "zip": "10027-4444", "ntee": "", "ruling": "195110", "deductibility": "2", "assets": 0, "income": 0, "revenue": 0}, {"ein": "874022962", "name": "WORLD JEWISH RELIEF USA INC", "city": "NEW YORK", "state": "NY", "zip": "10019-0000", "ntee": "X12", "ruling": "202207", "deductibility": "1", "assets": 275927, "income": 722208, "revenue": 708097}, {"ein": "874255385", "name": "UNITED WORLD PICTURES INC", "city": "VLY COTTAGE", "state": "NY", "zip": "10989-1827", "ntee": "P20", "ruling": "202202", "deductibility": "1", "assets": 0, "income": 0, "revenue": 0}, {"ein": "874801448", "name": "SANCTIFY MY PEOPLE WORLD MINISTRIES INC", "city": "POMONA", "state": "NY", "zip": "10970-2624", "ntee": "X20", "ruling": "202406", "deductibility": "1", "assets": 0, "income": 0, "revenue": 0}, {"ein": "880611531", "name": "WORLD TRADE CENTER COMMISSARY CLUB", "city": "STATEN ISLAND", "state": "NY", "zip": "10312-3515", "ntee": "S80", "ruling": "202210", "deductibility": "2", "assets": 1500, "income": 11500, "revenue": 10000}, {"ein": "880690994", "name": "SHE IS THE WORLD INC", "city": "BROOKLYN", "state": "NY", "zip": "11233-2006", "ntee": "A23", "ruling": "202206", "deductibility": "1", "assets": 1, "income": 0, "revenue": 0}, {"ein": "881027400", "name": "WORLD WATER FILM FESTIVAL CORPORATION", "city": "NEW YORK", "state": "NY", "zip": "10010-3730", "ntee": "A01", "ruling": "202211", "deductibility": "1", "assets": 1, "income": 35085, "revenue": 35085}, {"ein": "881902767", "name": "WORLD TASTE AND SMELL DAY ASSOCIATION INC", "city": "MILLBROOK", "state": "NY", "zip": "12545-5508", "ntee": "B99", "ruling": "202301", "deductibility": "1", "assets": 8662, "income": 26311, "revenue": 25761}, {"ein": "882383189", "name": "WORLD ETHICS ORGANIZATION INC", "city": "FRESH MEADOWS", "state": "NY", "zip": "11366-1432", "ntee": "B99", "ruling": "202209", "deductibility": "1", "assets": 0, "income": 0, "revenue": 0}, {"ein": "882602043", "name": "LETS RISE UP WORLD INC", "city": "NEW YORK", "state": "NY", "zip": "10030-2027", "ntee": "Z99", "ruling": "202211", "deductibility": "1", "assets": 0, "income": 0, "revenue": 0}, {"ein": "883306653", "name": "911 WORLD PEACE PARK INC", "city": "FLUSHING", "state": "NY", "zip": "11354-6538", "ntee": "A80", "ruling": "202208", "deductibility": "1", "assets": 0, "income": 0, "revenue": 0}, {"ein": "884299527", "name": "COCONUT AFRIKA WORLD FOUNDATION INC", "city": "ROOSEVELT", "state": "NY", "zip": "11575-2153", "ntee": "O52", "ruling": "202212", "deductibility": "1", "assets": 37, "income": 3527, "revenue": 3527}, {"ein": "901890760", "name": "THE WORLD THE SUSTAINABLE DEVELOPMENT", "city": "ARVERNE", "state": "NY", "zip": "11692-2011", "ntee": "C20", "ruling": "202312", "deductibility": "1", "assets": 669818, "income": 47100, "revenue": 47100}, {"ein": "920390820", "name": "WORLD TIBETAN THANGKA RESEARCH AND CONSERVATION FOUNDATION INC", "city": "FREEPORT", "state": "NY", "zip": "11520-6305", "ntee": "A20", "ruling": "202301", "deductibility": "1", "assets": 0, "income": 0, "revenue": 0}, {"ein": "920482284", "name": "WORLD COLLECTIVE INTERNATIONAL INC", "city": "BROOKLYN", "state": "NY", "zip": "11222-2907", "ntee": "P20", "ruling": "202212", "deductibility": "1", "assets": 0, "income": 0, "revenue": 0}, {"ein": "920588520", "name": "SMILING WORLD INC", "city": "BROOKLYN", "state": "NY", "zip": "11233-2805", "ntee": "Q33", "ruling": "202304", "deductibility": "1", "assets": 91, "income": 32461, "revenue": 32461}, {"ein": "920889582", "name": "WORLD HAZARA COUNCIL USA", "city": "ROCKY POINT", "state": "NY", "zip": "11778-0000", "ntee": "Q70", "ruling": "202212", "deductibility": "1", "assets": 0, "income": 0, "revenue": 0}, {"ein": "921459104", "name": "WORLD ART & ARTISTS ALLIANCE INC", "city": "FREEPORT", "state": "NY", "zip": "11520-6305", "ntee": "A20", "ruling": "202303", "deductibility": "1", "assets": 0, "income": 0, "revenue": 0}, {"ein": "921472611", "name": "NICO WORLD FOUNDATION INC", "city": "BROOKLYN", "state": "NY", "zip": "11205-0000", "ntee": "I20", "ruling": "202309", "deductibility": "1", "assets": 0, "income": 0, "revenue": 0}, {"ein": "921949623", "name": "WORLD-WIDE YOGA CENTER", "city": "NEW YORK", "state": "NY", "zip": "10023-2722", "ntee": "B60", "ruling": "202405", "deductibility": "1", "assets": 0, "income": 0, "revenue": 0}, {"ein": "922176277", "name": "EDUCATE AFRICA AND THE WORLD INC", "city": "CANASTOTA", "state": "NY", "zip": "13032-3445", "ntee": "X02", "ruling": "202307", "deductibility": "1", "assets": 0, "income": 0, "revenue": 0}, {"ein": "922215818", "name": "WORLD HUMANITY SERVICES INC", "city": "FREEPORT", "state": "NY", "zip": "11520-2735", "ntee": "A70", "ruling": "202406", "deductibility": "1", "assets": 0, "income": 0, "revenue": 0}, {"ein": "922285565", "name": "KOREAN CHRISTIAN REFORMED CHURCH WORLD MISSION INC", "city": "BELLEROSE", "state": "NY", "zip": "11426-2110", "ntee": "X20", "ruling": "202303", "deductibility": "1", "assets": 0, "income": 0, "revenue": 0}, {"ein": "922529854", "name": "SCOTT ALTHOUSE WORLD CHANGERS HOUSE", "city": "WOODSIDE", "state": "NY", "zip": "11377-1902", "ntee": "X20", "ruling": "202402", "deductibility": "1", "assets": 0, "income": 0, "revenue": 0}, {"ein": "923072485", "name": "WORLD HUMAN RIGHTS USA INC", "city": "JACKSON HTS", "state": "NY", "zip": "11372-4101", "ntee": "A23", "ruling": "202408", "deductibility": "1", "assets": 300, "income": 300, "revenue": 300}, {"ein": "923713206", "name": "WORLD EXPLORERS FOUNDATION INC", "city": "BROOKLYN", "state": "NY", "zip": "11217-3048", "ntee": "B90", "ruling": "202401", "deductibility": "1", "assets": 69299, "income": 1012840, "revenue": 1012840}, {"ein": "923780269", "name": "FOUNDATION FOR BETTER WORLD INC", "city": "JACKSON HTS", "state": "NY", "zip": "11372-6629", "ntee": "P99", "ruling": "202305", "deductibility": "1", "assets": 1, "income": 2310, "revenue": 2310}, {"ein": "923858101", "name": "WORLD WATER HUB INC", "city": "JACKSON HTS", "state": "NY", "zip": "11372-5246", "ntee": "C60", "ruling": "202404", "deductibility": "1", "assets": 0, "income": 0, "revenue": 0}, {"ein": "931628531", "name": "FERRIS WORLD INC", "city": "WHITE PLAINS", "state": "NY", "zip": "10603-3448", "ntee": "O99", "ruling": "202405", "deductibility": "1", "assets": 1, "income": 14976, "revenue": 14976}, {"ein": "931671068", "name": "WORLD LIBERTY CONGRESS INC", "city": "NEW YORK", "state": "NY", "zip": "10118-4205", "ntee": "R60", "ruling": "202312", "deductibility": "1", "assets": 217180, "income": 1534340, "revenue": 1534340}, {"ein": "931843519", "name": "I AM U ARE WORLD INC", "city": "BROOKLYN", "state": "NY", "zip": "11233-4515", "ntee": "Q20", "ruling": "202403", "deductibility": "1", "assets": 0, "income": 0, "revenue": 0}, {"ein": "931959742", "name": "WORLD TCM ANTI-CANCER FOUNDATION INC", "city": "NEW YORK", "state": "NY", "zip": "10020-0000", "ntee": "H30", "ruling": "202307", "deductibility": "1", "assets": 0, "income": 0, "revenue": 0}, {"ein": "931986944", "name": "ONE WORLD AID ALLIANCE INC", "city": "BROOKLYN", "state": "NY", "zip": "11226-8647", "ntee": "P20", "ruling": "202308", "deductibility": "1", "assets": 0, "income": 0, "revenue": 0}, {"ein": "932543015", "name": "WORLD ASSOCIATION OF ARTISTS CORP", "city": "E WILLISTON", "state": "NY", "zip": "11596-2419", "ntee": "A03", "ruling": "202401", "deductibility": "1", "assets": 0, "income": 0, "revenue": 0}, {"ein": "933008972", "name": "WORLD MOTHER INC", "city": "NEW YORK", "state": "NY", "zip": "10025-0127", "ntee": "A30", "ruling": "202407", "deductibility": "1", "assets": 0, "income": 0, "revenue": 0}, {"ein": "933182115", "name": "WORLD MADAM FOUNDATION INC", "city": "NEW YORK", "state": "NY", "zip": "10020-0075", "ntee": "R01", "ruling": "202311", "deductibility": "1", "assets": 254, "income": 118646, "revenue": 118646}, {"ein": "933328642", "name": "EZRA WORLD OF CHAZANUT", "city": "FOREST HILLS", "state": "NY", "zip": "11375-2937", "ntee": "O55", "ruling": "202311", "deductibility": "1", "assets": 0, "income": 0, "revenue": 0}, {"ein": "934048350", "name": "WORLD MISSION LOVE & SHARE INC", "city": "COLLEGE POINT", "state": "NY", "zip": "11356-1801", "ntee": "X20", "ruling": "202402", "deductibility": "1", "assets": 0, "income": 0, "revenue": 0}, {"ein": "934125607", "name": "CHAMPETA WORLD DANCE CORPORATION", "city": "ASTORIA", "state": "NY", "zip": "11106-0000", "ntee": "B90", "ruling": "202311", "deductibility": "1", "assets": 0, "income": 0, "revenue": 0}, {"ein": "934787920", "name": "WORLD HISTORY FOUNDATION", "city": "STAATSBURG", "state": "NY", "zip": "12580-0014", "ntee": "A11", "ruling": "202410", "deductibility": "1", "assets": 0, "income": 0, "revenue": 0}, {"ein": "946103080", "name": "HOLY SPIRIT ASSOCIATION FOR THE UNIFICATION OF WORLD CHRISTIANITY", "city": "NEW YORK", "state": "NY", "zip": "10036-7416", "ntee": "", "ruling": "196311", "deductibility": "1", "assets": 0, "income": 0, "revenue": 0}, {"ein": "990421864", "name": "COCOON WORLD INC", "city": "BROOKLYN", "state": "NY", "zip": "11204-1270", "ntee": "E40", "ruling": "202506", "deductibility": "1", "assets": 1488146, "income": 1690816, "revenue": 1690816}, {"ein": "991499460", "name": "WORLD WORSHIP UNITY", "city": "WATERVLIET", "state": "NY", "zip": "12189-2046", "ntee": "P50", "ruling": "202408", "deductibility": "1", "assets": 0, "income": 0, "revenue": 0}, {"ein": "991710951", "name": "WORLD WATER THINK INSTITUTE", "city": "JACKSON HTS", "state": "NY", "zip": "11372-5246", "ntee": "C60", "ruling": "202407", "deductibility": "1", "assets": 0, "income": 0, "revenue": 0}, {"ein": "992025525", "name": "CAMP ABILITIES WORLD INC", "city": "SARATOGA SPGS", "state": "NY", "zip": "12866-0601", "ntee": "N01", "ruling": "202405", "deductibility": "1", "assets": 0, "income": 0, "revenue": 0}, {"ein": "992050149", "name": "PREMIERE WORLD ENTERTAINMENT 2 INC", "city": "STATEN ISLAND", "state": "NY", "zip": "10302-1138", "ntee": "B99", "ruling": "202404", "deductibility": "1", "assets": 0, "income": 0, "revenue": 0}, {"ein": "992723722", "name": "WORLD KONNECTION CORP", "city": "UNIONDALE", "state": "NY", "zip": "11553-2708", "ntee": "L40", "ruling": "202506", "deductibility": "1", "assets": 0, "income": 0, "revenue": 0}, {"ein": "992723780", "name": "WORLD GUANDAN ASSOCIATION INC", "city": "FLUSHING", "state": "NY", "zip": "11354-5672", "ntee": "N60", "ruling": "202506", "deductibility": "1", "assets": 0, "income": 0, "revenue": 0}, {"ein": "992985939", "name": "WORLD CITIZENS LTD", "city": "NEW YORK", "state": "NY", "zip": "10019-5177", "ntee": "P84", "ruling": "202405", "deductibility": "1", "assets": 0, "income": 0, "revenue": 0}, {"ein": "992986883", "name": "WORLD HEALTH RELIEF ORGANIZATION INC", "city": "BRONX", "state": "NY", "zip": "10462-6419", "ntee": "Q33", "ruling": "202412", "deductibility": "1", "assets": 0, "income": 0, "revenue": 0}, {"ein": "993034417", "name": "WORLD ORGANIZATION OF FUTURE SCIENCES INC", "city": "NEW YORK", "state": "NY", "zip": "10017-2905", "ntee": "A30", "ruling": "202407", "deductibility": "1", "assets": 0, "income": 0, "revenue": 0}, {"ein": "993126615", "name": "OUR WORLD NEGHBORHOOD CHARTER SCHOOL 2 PTO", "city": "QUEENS", "state": "NY", "zip": "11414-1010", "ntee": "B94", "ruling": "202405", "deductibility": "1", "assets": 0, "income": 0, "revenue": 0}, {"ein": "993386335", "name": "QUEENS THE WORLD S BOROUGH INC", "city": "FOREST HILLS", "state": "NY", "zip": "11375-5504", "ntee": "A20", "ruling": "202406", "deductibility": "1", "assets": 0, "income": 0, "revenue": 0}, {"ein": "993637668", "name": "PETEY S WORLD CORP", "city": "HICKSVILLE", "state": "NY", "zip": "11801-6410", "ntee": "K30", "ruling": "202407", "deductibility": "1", "assets": 0, "income": 0, "revenue": 0}, {"ein": "994531933", "name": "WORLD ECONOMIC TRADE AND CULTURAL FORUM FOUNDATION INC", "city": "FLUSHING", "state": "NY", "zip": "11354-5590", "ntee": "Q32", "ruling": "202501", "deductibility": "1", "assets": 0, "income": 0, "revenue": 0}, {"ein": "994686959", "name": "WORLD MOXIBUSTION FOUNDATION INC", "city": "BROOKLYN", "state": "NY", "zip": "11220-1010", "ntee": "G99", "ruling": "202506", "deductibility": "1", "assets": 0, "income": 0, "revenue": 0}, {"ein": "994969564", "name": "WORLD CONSMOHARISM FOUNDATION INC", "city": "JERICHO", "state": "NY", "zip": "11753-1940", "ntee": "U05", "ruling": "202410", "deductibility": "1", "assets": 0, "income": 0, "revenue": 0}], "ONCOLOGY": [{"ein": "010937318", "name": "UPSTATE UNIVERSITY RADIATION ONCOLOGY INC", "city": "SYRACUSE", "state": "NY", "zip": "13210-0000", "ntee": "", "ruling": "201112", "deductibility": "1", "assets": 0, "income": 0, "revenue": 0}, {"ein": "061550914", "name": "ONCOLOGY NURSING SOCIETY", "city": "MAHOPAC", "state": "NY", "zip": "10541-4820", "ntee": "", "ruling": "198109", "deductibility": "2", "assets": 0, "income": 0, "revenue": 0}, {"ein": "112664726", "name": "STONY BROOK RADIATION ONCOLOGY UNIVERSITY FACULTY PRACTICE CORP", "city": "STONYBROOK", "state": "NY", "zip": "11790-0988", "ntee": "E20", "ruling": "200802", "deductibility": "1", "assets": 1293984, "income": 3557268, "revenue": 3557268}, {"ein": "113564621", "name": "PARK SLOPE HEMATOLOGY AND ONCOLOGY P C", "city": "BROOKLYN", "state": "NY", "zip": "11215-3609", "ntee": "E30", "ruling": "200105", "deductibility": "1", "assets": 517, "income": 0, "revenue": 0}, {"ein": "133345696", "name": "INTERNATIONAL PSYCHO-ONCOLOGY SOCIETY INC", "city": "NEW YORK", "state": "NY", "zip": "10001-7604", "ntee": "", "ruling": "198704", "deductibility": "1", "assets": 316373, "income": 134041, "revenue": 134041}, {"ein": "141681387", "name": "ONCOLOGY NURSING SOCIETY", "city": "TROY", "state": "NY", "zip": "12180-7761", "ntee": "", "ruling": "198109", "deductibility": "2", "assets": 0, "income": 0, "revenue": 0}, {"ein": "141745155", "name": "UPSTATE NEW YORK SOCIETY OF MEDICAL ONCOLOGY AND HEMATOLOGY INC", "city": "LATHAM", "state": "NY", "zip": "12110-0610", "ntee": "", "ruling": "199302", "deductibility": "2", "assets": 0, "income": 0, "revenue": 0}, {"ein": "161688627", "name": "PREZYNA RESEARCH ONCOLOGY INITIATIVE", "city": "GRAND ISLAND", "state": "NY", "zip": "14072-1240", "ntee": "H30", "ruling": "200607", "deductibility": "1", "assets": 13759, "income": 0, "revenue": 0}, {"ein": "264395333", "name": "NAIADES ONCOLOGY ROWING INC", "city": "ROCHESTER", "state": "NY", "zip": "14692-2661", "ntee": "E50", "ruling": "200912", "deductibility": "1", "assets": 0, "income": 0, "revenue": 0}, {"ein": "452861531", "name": "INTERNATIONAL ASSOCIATION OF ORAL ONCOLOGY", "city": "NEW YORK", "state": "NY", "zip": "10065-6007", "ntee": "Z99", "ruling": "201406", "deductibility": "2", "assets": 331672, "income": 10446, "revenue": 7263}, {"ein": "461355351", "name": "RPCI ONCOLOGY PC", "city": "WILLIAMSVILLE", "state": "NY", "zip": "14221-5269", "ntee": "E21", "ruling": "201407", "deductibility": "1", "assets": 28552779, "income": 92951165, "revenue": 92946657}, {"ein": "461995761", "name": "INTERNATIONAL LYMPHOMA RADIATION ONCOLOGY FOUNDATION", "city": "ORIENT", "state": "NY", "zip": "11957-1031", "ntee": "E70", "ruling": "201308", "deductibility": "1", "assets": 154971, "income": 84312, "revenue": 84312}, {"ein": "473666096", "name": "NATIONAL COMMUNITY ONCOLOGY DISPENSING ASSOCIATION", "city": "CAZENOVIA", "state": "NY", "zip": "13035-0468", "ntee": "P20", "ruling": "201605", "deductibility": "1", "assets": 19667082, "income": 12798721, "revenue": 12717001}, {"ein": "521308654", "name": "ONCOLOGY NURSING SOCIETY", "city": "N TONAWANDA", "state": "NY", "zip": "14120-3634", "ntee": "", "ruling": "198109", "deductibility": "2", "assets": 0, "income": 0, "revenue": 0}, {"ein": "521308968", "name": "ONCOLOGY NURSING SOCIETY", "city": "LEVITTOWN", "state": "NY", "zip": "11756-4129", "ntee": "", "ruling": "198109", "deductibility": "2", "assets": 0, "income": 0, "revenue": 0}, {"ein": "521338965", "name": "ONCOLOGY NURSING SOCIETY", "city": "ROCHESTER", "state": "NY", "zip": "14607-2747", "ntee": "", "ruling": "198109", "deductibility": "2", "assets": 0, "income": 0, "revenue": 0}, {"ein": "521351069", "name": "ONCOLOGY NURSING SOCIETY", "city": "LONG IS CITY", "state": "NY", "zip": "11101-4138", "ntee": "", "ruling": "198109", "deductibility": "1", "assets": 0, "income": 0, "revenue": 0}, {"ein": "521400476", "name": "ONCOLOGY NURSING SOCIETY", "city": "CENTRAL SQ", "state": "NY", "zip": "13036-2370", "ntee": "", "ruling": "198109", "deductibility": "2", "assets": 0, "income": 0, "revenue": 0}, {"ein": "521520236", "name": "ONCOLOGY NURSING SOCIETY", "city": "NEW ROCHELLE", "state": "NY", "zip": "10804-3907", "ntee": "", "ruling": "198109", "deductibility": "2", "assets": 0, "income": 0, "revenue": 0}, {"ein": "521747262", "name": "ONCOLOGY NURSING SOCIETY", "city": "ENDICOTT", "state": "NY", "zip": "13760-3633", "ntee": "", "ruling": "198109", "deductibility": "2", "assets": 0, "income": 0, "revenue": 0}, {"ein": "521883855", "name": "ONCOLOGY NURSING SOCIETY", "city": "NYACK", "state": "NY", "zip": "10960-1106", "ntee": "", "ruling": "198109", "deductibility": "2", "assets": 0, "income": 0, "revenue": 0}, {"ein": "822494917", "name": "RESEARCH INSTITUTE FOR VIRAL ONCOLOGY INC", "city": "ORCHARD PARK", "state": "NY", "zip": "14127-1135", "ntee": "H90", "ruling": "201804", "deductibility": "1", "assets": 0, "income": 0, "revenue": 0}, {"ein": "832112880", "name": "ONEIDA HEALTH ROSWELL PARK ONCOLOGY LLC", "city": "ONEIDA", "state": "NY", "zip": "13421-2627", "ntee": "", "ruling": "202112", "deductibility": "1", "assets": 6287813, "income": 1527981, "revenue": 1527981}, {"ein": "842427314", "name": "CORNERSTONE ONCOLOGY MASSAGE CLINICAL TRAINING RESEARCH AND DEV", "city": "NEW YORK", "state": "NY", "zip": "10025-4143", "ntee": "", "ruling": "202103", "deductibility": "1", "assets": 147340, "income": 63430, "revenue": 63430}], "MONTELLO": [{"ein": "010950295", "name": "MONTELLO FOUNDATION INC", "city": "NEW YORK", "state": "NY", "zip": "10011-5011", "ntee": "A20", "ruling": "201008", "deductibility": "1", "assets": 0, "income": 0, "revenue": 0}], "CIRCLEVILLE": [{"ein": "020545603", "name": "CIRCLEVILLE VOLUNTEER FIRE COMPANY INC", "city": "CIRCLEVILLE", "state": "NY", "zip": "10919-3238", "ntee": "M24", "ruling": "202209", "deductibility": "1", "assets": 361534, "income": 67612, "revenue": 51791}, {"ein": "061567462", "name": "CHURCH AT CIRCLEVILLE INC", "city": "MIDDLETOWN", "state": "NY", "zip": "10941-3215", "ntee": "X20", "ruling": "200103", "deductibility": "1", "assets": 0, "income": 0, "revenue": 0}, {"ein": "141466966", "name": "CIRCLEVILLE PRESBYTERIAN CHURCH", "city": "CIRCLEVILLE", "state": "NY", "zip": "10919-0000", "ntee": "", "ruling": "196210", "deductibility": "1", "assets": 0, "income": 0, "revenue": 0}], "RABBI": [{"ein": "030424738", "name": "FRIENDS OF RABBI MICHOEL", "city": "GREAT NECK", "state": "NY", "zip": "11023-4405", "ntee": "X21", "ruling": "200208", "deductibility": "1", "assets": 0, "income": 0, "revenue": 0}, {"ein": "111681674", "name": "YESHIVA RABBI DOV REVEL OF FOREST HILLS INC", "city": "NEW YORK", "state": "NY", "zip": "10010-4202", "ntee": "", "ruling": "195311", "deductibility": "1", "assets": 0, "income": 0, "revenue": 0}, {"ein": "112068120", "name": "YESHIVAS RABBI LEIB KOVNER TIFERETH ISFAEL INC", "city": "JAMAICA", "state": "NY", "zip": "11427-1010", "ntee": "", "ruling": "196902", "deductibility": "1", "assets": 0, "income": 0, "revenue": 0}, {"ein": "112145827", "name": "RABBINICAL ACADEMY MESIVTA RABBI CHAIM BERLIN", "city": "BROOKLYN", "state": "NY", "zip": "11230-4715", "ntee": "X30", "ruling": "197403", "deductibility": "1", "assets": 0, "income": 0, "revenue": 0}, {"ein": "112225154", "name": "MESIVTA YESHIVA RABBI CHAIM BERLIN", "city": "BROOKLYN", "state": "NY", "zip": "11230-4715", "ntee": "", "ruling": "195704", "deductibility": "1", "assets": 0, "income": 0, "revenue": 0}, {"ein": "112238173", "name": "THE RABBI SOLOMON KLUGER SCHOOL INC", "city": "BROOKLYN", "state": "NY", "zip": "11204-1252", "ntee": "X30", "ruling": "193704", "deductibility": "1", "assets": 0, "income": 0, "revenue": 0}, {"ein": "112369718", "name": "CONGREGATION ZICHRON RABBI ELIEZER MESKIN", "city": "BKLYN", "state": "NY", "zip": "11213-5424", "ntee": "", "ruling": "197601", "deductibility": "1", "assets": 0, "income": 0, "revenue": 0}, {"ein": "112426530", "name": "BRITH EMUNIM C O RABBI QUINN", "city": "BROOKLYN", "state": "NY", "zip": "11218-5209", "ntee": "", "ruling": "197804", "deductibility": "1", "assets": 0, "income": 0, "revenue": 0}, {"ein": "112454795", "name": "PRE MEGODIM INSTITUTE INCORPORATED C O RABBI JACK POLATSEK", "city": "BROOKLYN", "state": "NY", "zip": "11211-6620", "ntee": "", "ruling": "197806", "deductibility": "1", "assets": 0, "income": 0, "revenue": 0}, {"ein": "112514107", "name": "RABBI MEIR BAAL HANEIS", "city": "BRROKLYN", "state": "NY", "zip": "11219-3846", "ntee": "", "ruling": "198004", "deductibility": "1", "assets": 0, "income": 0, "revenue": 0}, {"ein": "112576351", "name": "KOLEL YESHIVOTH RABBI YOCHONON BEN ZAKAI", "city": "BROOKLYN", "state": "NY", "zip": "11219-1037", "ntee": "", "ruling": "198108", "deductibility": "1", "assets": 0, "income": 0, "revenue": 0}, {"ein": "112675678", "name": "MARAN RABBI JOSEF KARO CENTER INCORPORATED", "city": "BROOKLYN", "state": "NY", "zip": "11223-5265", "ntee": "", "ruling": "198506", "deductibility": "1", "assets": 0, "income": 0, "revenue": 0}, {"ein": "112742662", "name": "RABBI MEIR BAAL HANESS CHESED UTZDAKA", "city": "BROOKLYN", "state": "NY", "zip": "11219-2242", "ntee": "", "ruling": "198509", "deductibility": "1", "assets": 0, "income": 0, "revenue": 0}, {"ein": "112743114", "name": "MESIVTA D RABBI YOCHANAN", "city": "BROOKLYN", "state": "NY", "zip": "11219-0430", "ntee": "", "ruling": "198511", "deductibility": "1", "assets": 0, "income": 0, "revenue": 0}, {"ein": "112862594", "name": "MESIVTA OF RABBI YOCHANAN", "city": "BROOKLYN", "state": "NY", "zip": "11219-0430", "ntee": "", "ruling": "198706", "deductibility": "1", "assets": 111, "income": 1, "revenue": 0}, {"ein": "113039390", "name": "CONGREGATION OHR GEDALYAHU C/O RABBI JOSEPH ASZKNAZY", "city": "BROOKLYN", "state": "NY", "zip": "11230-4814", "ntee": "X99J", "ruling": "199601", "deductibility": "1", "assets": 0, "income": 0, "revenue": 0}, {"ein": "113045604", "name": "RABBI LEIB GELIEBTER MEMORIAL FOUNDATION INC", "city": "LAWRENCE", "state": "NY", "zip": "11559-1527", "ntee": "", "ruling": "199102", "deductibility": "1", "assets": 219153, "income": 153504, "revenue": 0}, {"ein": "113096973", "name": "YESHIVAS RABBI SOLOMON KLUGER-CHSAN SOFER INC", "city": "BROOKLYN", "state": "NY", "zip": "11204-1252", "ntee": "", "ruling": "199301", "deductibility": "1", "assets": 0, "income": 0, "revenue": 0}, {"ein": "113390838", "name": "RABBI MEIR BAAL HANESS CHARITY OF JERUSALEM INC", "city": "BROOKLYN", "state": "NY", "zip": "11219-0430", "ntee": "T30", "ruling": "199804", "deductibility": "1", "assets": 4075, "income": 88776, "revenue": 0}, {"ein": "113411913", "name": "ALEIFI YEHUDA C/O RABBI EUGENE POSEN", "city": "BROOKLYN", "state": "NY", "zip": "11211-8112", "ntee": "X30Z", "ruling": "199802", "deductibility": "1", "assets": 0, "income": 0, "revenue": 0}, {"ein": "113505355", "name": "RABBI SHLOMO ALGAZI", "city": "BROOKLYN", "state": "NY", "zip": "11205-0226", "ntee": "X30", "ruling": "200011", "deductibility": "1", "assets": 0, "income": 0, "revenue": 0}, {"ein": "113571263", "name": "RABBI YEHOUDA BEN BETERA CONGREGATION INC", "city": "BROOKLYN", "state": "NY", "zip": "11223-3350", "ntee": "X30", "ruling": "200408", "deductibility": "1", "assets": 0, "income": 0, "revenue": 0}, {"ein": "113593631", "name": "RABBI LEIB AND MINNIE POTASHNIK MEMORIAL FUND", "city": "CEDARHURST", "state": "NY", "zip": "11516-2017", "ntee": "P60", "ruling": "200106", "deductibility": "1", "assets": 1183050, "income": 1000000, "revenue": 0}, {"ein": "131624224", "name": "YESHIVA RABBI SAMSON RAPHAEL HIRSCH", "city": "NEW YORK", "state": "NY", "zip": "10033-3000", "ntee": "", "ruling": "195001", "deductibility": "1", "assets": 0, "income": 0, "revenue": 0}, {"ein": "132673756", "name": "RABBI ISAAC ELCHANAN THEOLOGICAL SEMINARY", "city": "NEW YORK", "state": "NY", "zip": "10033-2807", "ntee": "B500", "ruling": "197312", "deductibility": "1", "assets": 138488316, "income": 29802047, "revenue": 19532742}, {"ein": "132917872", "name": "BETH ROPSHITZ C O RABBI RUBIN", "city": "BROOKLYN", "state": "NY", "zip": "11204-1526", "ntee": "", "ruling": "197804", "deductibility": "1", "assets": 0, "income": 0, "revenue": 0}, {"ein": "133132782", "name": "RABBI JOSEPH BREUER FOUNDATION INC", "city": "KEW GARDENS", "state": "NY", "zip": "11415-0000", "ntee": "A33Z", "ruling": "198304", "deductibility": "1", "assets": 103540, "income": 161371, "revenue": 161371}, {"ein": "133136314", "name": "CONGREGATION NYIREGHAZ PAKS RACFERT C/O RABBI M WIEDER", "city": "BROOKLYN", "state": "NY", "zip": "11211-7726", "ntee": "", "ruling": "199305", "deductibility": "1", "assets": 0, "income": 0, "revenue": 0}, {"ein": "136168293", "name": "THE RABBI DR LEO JUNG MEMORIAL FUND", "city": "NEW YORK", "state": "NY", "zip": "10024-3445", "ntee": "", "ruling": "196212", "deductibility": "1", "assets": 383337, "income": 199140, "revenue": 199140}, {"ein": "161048413", "name": "RABBI JACOB H EPSTEIN SCHOOL OF JEWISH STUDIES INC", "city": "DEWITT", "state": "NY", "zip": "13214-0161", "ntee": "", "ruling": "197410", "deductibility": "1", "assets": 80031, "income": 74024, "revenue": 74024}, {"ein": "261547802", "name": "RABBI MEIR BAAL HANESS SHAREI TZION INC", "city": "BROOKLYN", "state": "NY", "zip": "11210-4737", "ntee": "X30", "ruling": "200902", "deductibility": "1", "assets": 472773, "income": 56270, "revenue": 56270}, {"ein": "270468115", "name": "KEREN RABBI YISROEL DOV ODESSER OF AMERICA", "city": "SUFFERN", "state": "NY", "zip": "10901-1604", "ntee": "X83", "ruling": "202211", "deductibility": "1", "assets": 0, "income": 0, "revenue": 0}, {"ein": "274374427", "name": "RABBI CHARLES H ROSENZVEIG MEMORIAL FOUNDATION", "city": "ELMSFORD", "state": "NY", "zip": "10523-2337", "ntee": "A80", "ruling": "201205", "deductibility": "1", "assets": 0, "income": 0, "revenue": 0}, {"ein": "452688006", "name": "AMERICAN FRIENDS OF RABBI MEIR SCHUSTERS HERITAGE HOUSE INC", "city": "RICHMOND HILL", "state": "NY", "zip": "11418-1345", "ntee": "B90", "ruling": "201307", "deductibility": "1", "assets": 49169, "income": 369209, "revenue": 369209}, {"ein": "465102221", "name": "THE RABBI SACKS LEGACY CORP", "city": "NEW YORK", "state": "NY", "zip": "10018-1851", "ntee": "X30", "ruling": "201410", "deductibility": "1", "assets": 1009250, "income": 1905161, "revenue": 1905161}, {"ein": "472345821", "name": "RABBI NATHANIAL AND SHIRLEY POLLACK MEMORIAL FOUNDATION", "city": "FRESH MEADOWS", "state": "NY", "zip": "11365-3314", "ntee": "T23", "ruling": "201507", "deductibility": "1", "assets": 79058, "income": 107408, "revenue": 0}, {"ein": "510181881", "name": "MOSAD V CHUE RABBI ZIRLSON", "city": "BROOKLYN", "state": "NY", "zip": "11211-0046", "ntee": "", "ruling": "197603", "deductibility": "1", "assets": 0, "income": 0, "revenue": 0}, {"ein": "824473892", "name": "TIFERET RABBI AKIVA INC", "city": "MERRICK", "state": "NY", "zip": "11566-4701", "ntee": "T30", "ruling": "201902", "deductibility": "1", "assets": 281798, "income": 2935841, "revenue": 2935841}, {"ein": "833620096", "name": "ROCK ROAD AND RABBI CHARITABLE TRUST", "city": "SARATOGA SPGS", "state": "NY", "zip": "12866-3176", "ntee": "X81", "ruling": "202002", "deductibility": "1", "assets": 1908525, "income": 299517, "revenue": 0}, {"ein": "843098738", "name": "CONGREGATION RABBI MESHULAM FEISH OF TOSH", "city": "MONSEY", "state": "NY", "zip": "10952-2809", "ntee": "X30", "ruling": "202005", "deductibility": "1", "assets": 0, "income": 0, "revenue": 0}, {"ein": "851027237", "name": "ASK RABBI TEDDY INC", "city": "CEDARHURST", "state": "NY", "zip": "11516-1352", "ntee": "X20", "ruling": "202005", "deductibility": "1", "assets": 0, "income": 0, "revenue": 0}, {"ein": "874584736", "name": "RABBI ENGELS", "city": "SPRING VALLEY", "state": "NY", "zip": "10977-2047", "ntee": "X30", "ruling": "202203", "deductibility": "1", "assets": 26263, "income": 404903, "revenue": 404903}, {"ein": "920335975", "name": "RABBI ZIDNI ELMA INC", "city": "BROOKLYN", "state": "NY", "zip": "11223-5015", "ntee": "O51", "ruling": "202402", "deductibility": "1", "assets": 5612, "income": 24050, "revenue": 24050}, {"ein": "921898514", "name": "CONG KAH - RABBI TAUBS SHUL", "city": "BEDFORD HILLS", "state": "NY", "zip": "10507-1201", "ntee": "X30", "ruling": "202312", "deductibility": "1", "assets": 0, "income": 0, "revenue": 0}], "FRANCISCAN": [{"ein": "030597236", "name": "FRANCISCAN HANDMAIDS OF MARY FOUNDATION INC", "city": "BRONX", "state": "NY", "zip": "10466-5832", "ntee": "X22", "ruling": "201409", "deductibility": "1", "assets": 0, "income": 0, "revenue": 0}, {"ein": "112251527", "name": "FRANCISCAN SISTERS OF THE POOR", "city": "NEW YORK", "state": "NY", "zip": "10018-4546", "ntee": "", "ruling": "194603", "deductibility": "1", "assets": 0, "income": 0, "revenue": 0}, {"ein": "112859284", "name": "FRANCISCAN SISTERS OF THE POOR FOUNDATION INC", "city": "NEW YORK", "state": "NY", "zip": "10018-6505", "ntee": "", "ruling": "194603", "deductibility": "1", "assets": 15507443, "income": 4003867, "revenue": 1206210}, {"ein": "112905556", "name": "FRANCISCAN HEALTH PARTNERSHIP INC", "city": "ALBANY", "state": "NY", "zip": "12210-2194", "ntee": "E210", "ruling": "194603", "deductibility": "1", "assets": 2426193, "income": 191213, "revenue": 191213}, {"ein": "113495934", "name": "FRANCISCAN SISTERS OF THE POOR CHARITABLE TRUST", "city": "NEW YORK", "state": "NY", "zip": "10018-4546", "ntee": "", "ruling": "194603", "deductibility": "0", "assets": 0, "income": 0, "revenue": 0}, {"ein": "113618023", "name": "FRANCISCAN MISSIONARY BROTHERS OF NORTH AMERICA NEW YORK", "city": "ROCKAWAY PARK", "state": "NY", "zip": "11694-2837", "ntee": "", "ruling": "194603", "deductibility": "1", "assets": 0, "income": 0, "revenue": 0}, {"ein": "132526809", "name": "FRANCISCAN HIGH SCHOOL", "city": "MOHEGAN LAKE", "state": "NY", "zip": "10547-1638", "ntee": "", "ruling": "194603", "deductibility": "1", "assets": 0, "income": 0, "revenue": 0}, {"ein": "133319347", "name": "SHRINE OF ST JUDE INC FRANCISCAN FRIARS", "city": "NEW YORK", "state": "NY", "zip": "10028-5902", "ntee": "", "ruling": "194603", "deductibility": "1", "assets": 0, "income": 0, "revenue": 0}, {"ein": "133450836", "name": "COMMUNITY OF THE FRANCISCAN FRIARS OF THE RENEWAL", "city": "BRONX", "state": "NY", "zip": "10455-1205", "ntee": "", "ruling": "194603", "deductibility": "1", "assets": 0, "income": 0, "revenue": 0}, {"ein": "133576698", "name": "FRANCISCAN SYSTEM OF WARWICK INC", "city": "WARWICK", "state": "NY", "zip": "10990-1028", "ntee": "", "ruling": "194603", "deductibility": "1", "assets": 0, "income": 0, "revenue": 0}, {"ein": "133697868", "name": "FRANCISCAN RENEWAL SERVICES INC", "city": "BRONX", "state": "NY", "zip": "10455-1232", "ntee": "X99Z", "ruling": "199302", "deductibility": "1", "assets": 0, "income": 0, "revenue": 0}, {"ein": "133913578", "name": "FRANCISCAN HANDMAIDS OF MARY ST EDWARD FOOD PANTRY INC", "city": "STATEN ISLAND", "state": "NY", "zip": "10309-3830", "ntee": "O43", "ruling": "200110", "deductibility": "1", "assets": 51851, "income": 114161, "revenue": 114161}, {"ein": "133990453", "name": "FRANCISCAN MISSIONARY CHARITIES INC", "city": "NEW YORK", "state": "NY", "zip": "10037-0911", "ntee": "Q330", "ruling": "194603", "deductibility": "0", "assets": 0, "income": 0, "revenue": 0}, {"ein": "135606957", "name": "FRANCISCAN MISSIONARY UNION OF PROVINCE OF MOST HOLY NAME INC", "city": "NEW YORK", "state": "NY", "zip": "10001-3403", "ntee": "", "ruling": "000000", "deductibility": "1", "assets": 0, "income": 0, "revenue": 0}, {"ein": "136120236", "name": "MONASTERY OF ST CLARE-FRANCISCAN POOR CLARE NUNS", "city": "WAPPINGERS FL", "state": "NY", "zip": "12590-1121", "ntee": "", "ruling": "194603", "deductibility": "0", "assets": 0, "income": 0, "revenue": 0}, {"ein": "141363034", "name": "FRANCISCAN SISTERS OF THE ATONEMENT", "city": "GARRISON", "state": "NY", "zip": "10524-3400", "ntee": "", "ruling": "194603", "deductibility": "1", "assets": 0, "income": 0, "revenue": 0}, {"ein": "150532287", "name": "SISTERS OF THE THIRD FRANCISCAN ORDER", "city": "SYRACUSE", "state": "NY", "zip": "13208-1797", "ntee": "", "ruling": "194603", "deductibility": "0", "assets": 0, "income": 0, "revenue": 0}, {"ein": "160813142", "name": "NAZARETH HOME OF THE FRANCISCAN SISTERS", "city": "BUFFALO", "state": "NY", "zip": "14203-1560", "ntee": "E910", "ruling": "194603", "deductibility": "1", "assets": 2959751, "income": 0, "revenue": 0}, {"ein": "160822517", "name": "FRANCISCAN SISTERS OF ALLEGANY NY INC", "city": "ST BONAS", "state": "NY", "zip": "14778-2302", "ntee": "", "ruling": "194603", "deductibility": "0", "assets": 0, "income": 0, "revenue": 0}, {"ein": "160912442", "name": "FRANCISCAN MISSIONARY SISTERS OF THE DIVINE CHILD INC", "city": "BUFFALO", "state": "NY", "zip": "14221-5341", "ntee": "", "ruling": "194603", "deductibility": "1", "assets": 0, "income": 0, "revenue": 0}, {"ein": "161170624", "name": "FRANCISCAN CENTER INC", "city": "BUFFALO", "state": "NY", "zip": "14210-1842", "ntee": "", "ruling": "194603", "deductibility": "0", "assets": 0, "income": 0, "revenue": 0}, {"ein": "161480164", "name": "FRANCISCAN MYSTERY PLAYERS INC", "city": "LIVERPOOL", "state": "NY", "zip": "13088-6216", "ntee": "A650", "ruling": "199908", "deductibility": "1", "assets": 0, "income": 0, "revenue": 0}, {"ein": "222438936", "name": "FRANCISCAN MOUNTAIN RETREAT INC", "city": "ST BONAS", "state": "NY", "zip": "14778-2322", "ntee": "", "ruling": "198609", "deductibility": "1", "assets": 6674182, "income": 833670, "revenue": 828987}, {"ein": "452279986", "name": "PARTNERS IN FRANCISCAN MINISTRIES", "city": "LIVERPOOL", "state": "NY", "zip": "13088-6667", "ntee": "", "ruling": "194603", "deductibility": "1", "assets": 150389, "income": 478843, "revenue": 478843}, {"ein": "474419131", "name": "THE FRANCISCAN SISTERS OF MARY MOTHER OF EVANGELIZATION", "city": "CHEEKTOWAGA", "state": "NY", "zip": "14225-1219", "ntee": "X22", "ruling": "201512", "deductibility": "1", "assets": 0, "income": 0, "revenue": 0}, {"ein": "550865688", "name": "FRANCISCAN HEIGHTS COMMUNITY SERVICES CORP", "city": "ALBANY", "state": "NY", "zip": "12203-1414", "ntee": "", "ruling": "194603", "deductibility": "1", "assets": 0, "income": 0, "revenue": 0}, {"ein": "831032820", "name": "FRANCISCAN HERITAGE FOUNDATION OF WNY", "city": "WEST SENECA", "state": "NY", "zip": "14224-2918", "ntee": "B90", "ruling": "201905", "deductibility": "1", "assets": 39481, "income": 97435, "revenue": 65737}, {"ein": "853826848", "name": "FRANCISCAN SISTERS OF THE IMMACULATE HEART OF MARY UNITED ST", "city": "YONKERS", "state": "NY", "zip": "10703-2513", "ntee": "", "ruling": "194603", "deductibility": "1", "assets": 0, "income": 0, "revenue": 0}, {"ein": "922192433", "name": "FRANCISCAN SERVICES INC", "city": "HAMBURG", "state": "NY", "zip": "14075-1519", "ntee": "B42", "ruling": "202410", "deductibility": "1", "assets": 21911443, "income": 27491641, "revenue": 27491641}], "HOSPITAL": [{"ein": "050524456", "name": "ROYAL COUNTIES OF NEW YORK SOCIETY OF HOSPITAL PHARMACISTS INC", "city": "PATCHOGUE", "state": "NY", "zip": "11772-2138", "ntee": "S41", "ruling": "202002", "deductibility": "2", "assets": 0, "income": 0, "revenue": 0}, {"ein": "061399319", "name": "PUTNAM HOSPITAL CENTER FOUNDATION INC", "city": "CARMEL", "state": "NY", "zip": "10512-3997", "ntee": "E80I", "ruling": "199502", "deductibility": "1", "assets": 14266035, "income": 843891, "revenue": 835664}, {"ein": "111352310", "name": "SOUTH NASSAU COMMUNITIES HOSPITAL", "city": "OCEANSIDE", "state": "NY", "zip": "11572-1551", "ntee": "E22", "ruling": "201001", "deductibility": "1", "assets": 1180991314, "income": 916778791, "revenue": 760584528}, {"ein": "111562701", "name": "NORTH SHORE UNIVERSITY HOSPITAL", "city": "WESTBURY", "state": "NY", "zip": "11590-1740", "ntee": "E20", "ruling": "196507", "deductibility": "1", "assets": 3510736729, "income": 4366182574, "revenue": 3693579549}, {"ein": "111630755", "name": "THE BROOKLYN HOSPITAL CENTER", "city": "BROOKLYN", "state": "NY", "zip": "11201-5302", "ntee": "E220", "ruling": "193701", "deductibility": "1", "assets": 668036480, "income": 484277413, "revenue": 476787046}, {"ein": "111630914", "name": "HUNTINGTON HOSPITAL ASSOCIATION", "city": "WESTBURY", "state": "NY", "zip": "11590-1740", "ntee": "E220", "ruling": "194610", "deductibility": "1", "assets": 772134641, "income": 1073511350, "revenue": 722915416}, {"ein": "111631746", "name": "BROOKDALE HOSPITAL MEDICAL CENTER", "city": "BROOKLYN", "state": "NY", "zip": "11236-1902", "ntee": "E220", "ruling": "193704", "deductibility": "1", "assets": 1095828949, "income": 1111708214, "revenue": 1111708214}, {"ein": "111631781", "name": "FLUSHING HOSPITAL & MEDICAL CENTER", "city": "FLUSHING", "state": "NY", "zip": "11355-2205", "ntee": "E220", "ruling": "195302", "deductibility": "1", "assets": 407880113, "income": 426789313, "revenue": 426195849}, {"ein": "111631788", "name": "JAMAICA HOSPITAL MEDICAL CENTER", "city": "JAMAICA", "state": "NY", "zip": "11418-2832", "ntee": "E220", "ruling": "193410", "deductibility": "1", "assets": 454477938, "income": 796165861, "revenue": 795119972}, {"ein": "111633487", "name": "GLEN COVE HOSPITAL", "city": "WESTBURY", "state": "NY", "zip": "11590-1740", "ntee": "E20", "ruling": "195604", "deductibility": "1", "assets": 163529627, "income": 275108412, "revenue": 239768993}, {"ein": "111633563", "name": "EASTERN LONG ISLAND HOSPITAL ASSOC INC", "city": "GREENPORT", "state": "NY", "zip": "11944-1222", "ntee": "E112", "ruling": "194801", "deductibility": "1", "assets": 12352999, "income": 985091, "revenue": 985091}, {"ein": "111639818", "name": "JOHN T MATHER MEMORIAL HOSPITAL", "city": "WESTBURY", "state": "NY", "zip": "11590-1740", "ntee": "E220", "ruling": "193310", "deductibility": "1", "assets": 384659826, "income": 541348969, "revenue": 436739487}, {"ein": "111661359", "name": "CENTRAL SUFFOLK HOSPITAL", "city": "WESTBURY", "state": "NY", "zip": "11590-1740", "ntee": "E220", "ruling": "195204", "deductibility": "1", "assets": 323030966, "income": 345745929, "revenue": 339730741}, {"ein": "111667761", "name": "SOUTH SHORE UNIVERSITY HOSPITAL", "city": "WESTBURY", "state": "NY", "zip": "11590-1740", "ntee": "E20", "ruling": "193303", "deductibility": "1", "assets": 772721148, "income": 1089373360, "revenue": 1069961305}, {"ein": "111667765", "name": "SOUTHAMPTON HOSPITAL ASSOCIATION", "city": "SOUTHAMPTON", "state": "NY", "zip": "11968-5009", "ntee": "E80", "ruling": "194206", "deductibility": "1", "assets": 98627423, "income": 23131087, "revenue": 22701613}, {"ein": "111672777", "name": "MENORAH HOME & HOSPITAL FOR THE AGED & INFIRM", "city": "NEW YORK", "state": "NY", "zip": "10041-3211", "ntee": "E910", "ruling": "193812", "deductibility": "1", "assets": 84317134, "income": 79505470, "revenue": 79505470}, {"ein": "111679599", "name": "SAINT MARYS HOSPITAL FOR CHILDREN INC", "city": "BAYSIDE", "state": "NY", "zip": "11360-2810", "ntee": "E240", "ruling": "194308", "deductibility": "1", "assets": 169339977, "income": 124884968, "revenue": 124884968}, {"ein": "111704595", "name": "LONG ISLAND COMMUNITY HOSPITAL AT NYU LANGONE HEALTH", "city": "PATCHOGUE", "state": "NY", "zip": "11772-4870", "ntee": "E220", "ruling": "195908", "deductibility": "1", "assets": 398146880, "income": 372654979, "revenue": 370008801}, {"ein": "111805346", "name": "NASSAU-SUFFOLK HOSPITAL COUNCIL INC LONG ISLAND", "city": "HAUPPAUGE", "state": "NY", "zip": "11788-3050", "ntee": "", "ruling": "195710", "deductibility": "1", "assets": 524707, "income": 110314, "revenue": 110314}, {"ein": "111871039", "name": "ST CHARLES HOSPITAL CORP", "city": "PRT JEFFERSON", "state": "NY", "zip": "11777-1928", "ntee": "E220", "ruling": "194603", "deductibility": "1", "assets": 128032723, "income": 248593832, "revenue": 248593832}, {"ein": "111879800", "name": "AUXILIARY OF CITY HOSPITAL AT ELMHURST", "city": "ELMHURST", "state": "NY", "zip": "11373-1329", "ntee": "", "ruling": "195504", "deductibility": "1", "assets": 403915, "income": 713000, "revenue": 255347}, {"ein": "111986351", "name": "NEW YORK COMMUNITY HOSPITAL OF BROOKLYN INC", "city": "BROOKLYN", "state": "NY", "zip": "11229-1705", "ntee": "E220", "ruling": "194707", "deductibility": "1", "assets": 87759449, "income": 124483920, "revenue": 124428282}, {"ein": "112050523", "name": "ST FRANCIS HOSPITAL", "city": "ROSLYN", "state": "NY", "zip": "11576-1347", "ntee": "E220", "ruling": "194603", "deductibility": "1", "assets": 1844802164, "income": 1570562375, "revenue": 960215027}, {"ein": "112113949", "name": "HILLSIDE HOSPITAL HOUSES INC", "city": "WESTBURY", "state": "NY", "zip": "11590-1740", "ntee": "", "ruling": "196710", "deductibility": "2", "assets": 739299, "income": 1951103, "revenue": 1951103}, {"ein": "112171903", "name": "NORTH SHORE HOSPITAL APARTMENTS INC", "city": "WESTBURY", "state": "NY", "zip": "11590-1740", "ntee": "", "ruling": "197007", "deductibility": "2", "assets": 2274101, "income": 1797765, "revenue": 1797765}, {"ein": "112462030", "name": "SOUTH NASSAU COMMUNITIES HOSPITAL", "city": "OCEANSIDE", "state": "NY", "zip": "11572-0000", "ntee": "E30", "ruling": "201001", "deductibility": "1", "assets": 0, "income": 0, "revenue": 0}, {"ein": "112501235", "name": "BROOKLYN HOSPITAL PROVIDER", "city": "BROOKLYN", "state": "NY", "zip": "11201-5425", "ntee": "", "ruling": "197908", "deductibility": "1", "assets": 51285900, "income": 5452541, "revenue": 39428}, {"ein": "112513146", "name": "WYCKOFF HEIGHTS HOSPITAL SELF INSURANCE FUND", "city": "BROOKLYN", "state": "NY", "zip": "11237-4006", "ntee": "", "ruling": "198001", "deductibility": "1", "assets": 1, "income": 0, "revenue": 0}, {"ein": "112537396", "name": "GOOD SAMARITAN HOSPITAL SELF INSURANCE AGAINST MALPRACTICE TRUS", "city": "WEST ISLIP", "state": "NY", "zip": "11795-4927", "ntee": "Y20Z", "ruling": "198010", "deductibility": "1", "assets": 5331720, "income": 4602928, "revenue": 484655}, {"ein": "112587515", "name": "NASSAU-SUFFOLK HOSPITAL SHARED SERVICES INC", "city": "HAUPPAUGE", "state": "NY", "zip": "11788-3050", "ntee": "E83Z", "ruling": "198204", "deductibility": "1", "assets": 1406260, "income": 19385, "revenue": 19385}, {"ein": "112629532", "name": "HOSPITAL CLINIC HOME CENTER", "city": "BROOKLYN", "state": "NY", "zip": "11221-4202", "ntee": "A05", "ruling": "198308", "deductibility": "1", "assets": 2865146, "income": 2430140, "revenue": 2430140}, {"ein": "112727976", "name": "SOUTH NASSAU COMMUNITIES HOSPITAL", "city": "OCEANSIDE", "state": "NY", "zip": "11572-1551", "ntee": "E30", "ruling": "201001", "deductibility": "1", "assets": 0, "income": 0, "revenue": 0}, {"ein": "112765051", "name": "ASSOCIATION OF HOSPITAL RISK MANAGEMENT OF NEW YORK INC", "city": "NEW YORK", "state": "NY", "zip": "10163-4200", "ntee": "E038", "ruling": "198706", "deductibility": "1", "assets": 106462, "income": 148297, "revenue": 148297}, {"ein": "112833588", "name": "BROOKLYN HOSPITAL RADIOLOGY P C", "city": "BROOKLYN", "state": "NY", "zip": "11201-5425", "ntee": "E220", "ruling": "201309", "deductibility": "1", "assets": 493637, "income": 3285459, "revenue": 3285459}, {"ein": "112868878", "name": "STATEN ISLAND UNIVERSITY HOSPITAL", "city": "WESTBURY", "state": "NY", "zip": "11590-1740", "ntee": "E220", "ruling": "198804", "deductibility": "1", "assets": 1785392770, "income": 2118275585, "revenue": 1512758123}, {"ein": "112916033", "name": "THE ST FRANCIS HOSPITAL FOUNDATION INC", "city": "ROSLYN", "state": "NY", "zip": "11576-1347", "ntee": "E110", "ruling": "198901", "deductibility": "1", "assets": 259821795, "income": 177531628, "revenue": 34576617}, {"ein": "112926477", "name": "HUNTINGTON HOSPITAL NURSES ASSOCIATION", "city": "HUNTINGTON", "state": "NY", "zip": "11743-0937", "ntee": "", "ruling": "199104", "deductibility": "2", "assets": 1038331, "income": 2065666, "revenue": 518998}, {"ein": "112936410", "name": "BROOKLYN HOSPITAL FOUNDATION INC", "city": "BROOKLYN", "state": "NY", "zip": "11201-5425", "ntee": "", "ruling": "198812", "deductibility": "1", "assets": 6343880, "income": 3346828, "revenue": 1930615}, {"ein": "113021508", "name": "BRUNSWICK HOSPITAL CENTER FOUNDATION", "city": "AMITYVILLE", "state": "NY", "zip": "11701-2736", "ntee": "", "ruling": "199105", "deductibility": "1", "assets": 1, "income": 1, "revenue": 0}, {"ein": "113241243", "name": "PLAINVIEW HOSPITAL", "city": "WESTBURY", "state": "NY", "zip": "11590-1740", "ntee": "E20", "ruling": "199602", "deductibility": "1", "assets": 161031577, "income": 299575883, "revenue": 299493287}, {"ein": "113319620", "name": "SOUTH NASSAU COMMUNITIES HOSPITAL", "city": "OCEANSIDE", "state": "NY", "zip": "11572-0000", "ntee": "", "ruling": "201001", "deductibility": "0", "assets": 0, "income": 0, "revenue": 0}, {"ein": "113340969", "name": "JAMAICA HOSPITAL MEDICAL CENTER", "city": "JAMAICA", "state": "NY", "zip": "11418-2832", "ntee": "E320", "ruling": "199612", "deductibility": "1", "assets": 0, "income": 0, "revenue": 0}, {"ein": "113368503", "name": "HUNTINGTON HOSPITAL DOLAN FAMILY HEALTH CENTER INC", "city": "WESTBURY", "state": "NY", "zip": "11590-1740", "ntee": "E20Z", "ruling": "199809", "deductibility": "1", "assets": 17928230, "income": 13754356, "revenue": 8172450}, {"ein": "113434265", "name": "NASSAU SUFFOLK HOSPITAL COUNCIL INC", "city": "HAUPPAUGE", "state": "NY", "zip": "11788-3050", "ntee": "", "ruling": "199807", "deductibility": "0", "assets": 1834308, "income": 2546280, "revenue": 2546280}, {"ein": "113438973", "name": "ST JOSEPH HOSPITAL", "city": "BETHPAGE", "state": "NY", "zip": "11714-5713", "ntee": "E220", "ruling": "199809", "deductibility": "1", "assets": 83954715, "income": 162543618, "revenue": 162543618}, {"ein": "113441058", "name": "MEDICAL STAFF OF BRUNSWICK HOSPITAL CENTER", "city": "AMITYVILLE", "state": "NY", "zip": "11701-2736", "ntee": "G99", "ruling": "199912", "deductibility": "1", "assets": 0, "income": 0, "revenue": 0}, {"ein": "113466516", "name": "SOUTHAMPTON HOSPITAL FOUNDATION INC", "city": "SOUTHAMPTON", "state": "NY", "zip": "11968-5009", "ntee": "E11", "ruling": "199903", "deductibility": "1", "assets": 21667686, "income": 38240626, "revenue": 17725918}, {"ein": "113524781", "name": "ALUMNAE OF ST VINCENTS HOSPITAL SCHOOL OF NURSING INC", "city": "WARWICK", "state": "NY", "zip": "10990-3567", "ntee": "E039", "ruling": "200002", "deductibility": "2", "assets": 2509, "income": 63361, "revenue": 63361}, {"ein": "113565450", "name": "SOUTH NASSAU COMMUNITIES HOSPITAL", "city": "OCEANSIDE", "state": "NY", "zip": "11572-0000", "ntee": "E30", "ruling": "201001", "deductibility": "1", "assets": 0, "income": 0, "revenue": 0}, {"ein": "113581988", "name": "SOUTH NASSAU COMMUNITIES HOSPITAL", "city": "OCEANSIDE", "state": "NY", "zip": "11572-0000", "ntee": "E30", "ruling": "201001", "deductibility": "1", "assets": 0, "income": 0, "revenue": 0}, {"ein": "113614596", "name": "NEW YORK DOWNTOWN HOSPITAL CHINESE COMM PARTNSHP FOR HEALTH FDN INC", "city": "NEW YORK", "state": "NY", "zip": "10065-4870", "ntee": "E11", "ruling": "200111", "deductibility": "1", "assets": 4962906, "income": 344736, "revenue": 344736}, {"ein": "116111194", "name": "QUEENS HOSPITAL CENTER AUXILIARY INC", "city": "JAMAICA", "state": "NY", "zip": "11432-1121", "ntee": "E11", "ruling": "202110", "deductibility": "1", "assets": 1178615, "income": 71906, "revenue": 71906}, {"ein": "130428061", "name": "ALUMNAE ASSOCIATION OF MT SINAI HOSPITAL SCHOOL OF NURSING INC", "city": "NEW YORK", "state": "NY", "zip": "10029-6504", "ntee": "", "ruling": "195006", "deductibility": "2", "assets": 2370966, "income": 1208359, "revenue": 46462}, {"ein": "131552496", "name": "GREATER NEW YORK HOSPITAL ASSOCIATION", "city": "NEW YORK", "state": "NY", "zip": "10019-2925", "ntee": "", "ruling": "194612", "deductibility": "2", "assets": 239197641, "income": 36208478, "revenue": 15546109}, {"ein": "131562656", "name": "UNITED HOSPITAL FUND OF NEW YORK", "city": "NEW YORK", "state": "NY", "zip": "10018-3496", "ntee": "E050", "ruling": "193506", "deductibility": "1", "assets": 113617015, "income": 11559957, "revenue": 4980077}, {"ein": "131624070", "name": "LENOX HILL HOSPITAL", "city": "WESTBURY", "state": "NY", "zip": "11590-1740", "ntee": "E22", "ruling": "192004", "deductibility": "1", "assets": 2070082816, "income": 2077728965, "revenue": 1952059400}, {"ein": "131624096", "name": "MOUNT SINAI HOSPITAL", "city": "NEW YORK", "state": "NY", "zip": "10029-6504", "ntee": "E22", "ruling": "193804", "deductibility": "1", "assets": 5783477818, "income": 3946962686, "revenue": 3946842937}, {"ein": "131624169", "name": "FLOATING HOSPITAL INC", "city": "LONG IS CITY", "state": "NY", "zip": "11101-4801", "ntee": "E220", "ruling": "192407", "deductibility": "1", "assets": 16206358, "income": 32401064, "revenue": 32401064}, {"ein": "131628401", "name": "1199 NATIONAL BENEFIT FUND FOR HOSPITAL & HUMAN SERVICE EMPLOYEES", "city": "NEW YORK", "state": "NY", "zip": "10018-6798", "ntee": "Y43", "ruling": "200204", "deductibility": "2", "assets": 1363364432, "income": 2278806266, "revenue": 2193313152}, {"ein": "131656690", "name": "METROPOLITAN HOSPITAL AUXILIARY INC", "city": "NEW YORK", "state": "NY", "zip": "10029-7494", "ntee": "E22I", "ruling": "195302", "deductibility": "1", "assets": 750622, "income": 13126, "revenue": 13126}, {"ein": "131725076", "name": "PHELPS MEMORIAL HOSPITAL ASSOCIATION", "city": "WESTBURY", "state": "NY", "zip": "11590-1740", "ntee": "E220", "ruling": "195411", "deductibility": "1", "assets": 546784345, "income": 567729242, "revenue": 419911454}, {"ein": "131739922", "name": "BLYTHEDALE CHILDRENS HOSPITAL", "city": "VALHALLA", "state": "NY", "zip": "10595-0000", "ntee": "E24", "ruling": "195209", "deductibility": "1", "assets": 271266816, "income": 271067488, "revenue": 111976788}, {"ein": "131739937", "name": "THE WINIFRED MASTERSON BURKE REHABILITATION HOSPITAL", "city": "WHITE PLAINS", "state": "NY", "zip": "10605-2523", "ntee": "E20", "ruling": "194608", "deductibility": "1", "assets": 150578527, "income": 127790943, "revenue": 127109046}, {"ein": "131740118", "name": "NORTHERN WESTCHESTER HOSPITAL ASSOCIATION", "city": "WESTBURY", "state": "NY", "zip": "11590-1740", "ntee": "E220", "ruling": "193807", "deductibility": "1", "assets": 634564846, "income": 760563272, "revenue": 519048123}, {"ein": "131740119", "name": "MONTEFIORE NYACK HOSPITAL", "city": "NYACK", "state": "NY", "zip": "10960-1912", "ntee": "E220", "ruling": "193705", "deductibility": "1", "assets": 293045651, "income": 349012335, "revenue": 348954733}, {"ein": "131740120", "name": "HUDSON VALLEY HOSPITAL CENTER", "city": "CORTLANDT MNR", "state": "NY", "zip": "10567-4144", "ntee": "E220", "ruling": "193812", "deductibility": "1", "assets": 312624421, "income": 282189852, "revenue": 281548679}, {"ein": "131740122", "name": "ST BARNABAS HOSPITAL", "city": "BRONX", "state": "NY", "zip": "10457-0000", "ntee": "E20", "ruling": "195103", "deductibility": "1", "assets": 570320467, "income": 576235464, "revenue": 573321036}, {"ein": "131740126", "name": "ST JOHNS RIVERSIDE HOSPITAL", "city": "YONKERS", "state": "NY", "zip": "10701-1301", "ntee": "E220", "ruling": "194508", "deductibility": "1", "assets": 171160338, "income": 314286986, "revenue": 314133493}, {"ein": "131740127", "name": "ST JOSEPHS HOSPITAL YONKERS", "city": "YONKERS", "state": "NY", "zip": "10701-4006", "ntee": "E220", "ruling": "197502", "deductibility": "1", "assets": 283983048, "income": 304264333, "revenue": 303962046}, {"ein": "131740130", "name": "WHITE PLAINS HOSPITAL MEDICAL CENTER", "city": "WHITE PLAINS", "state": "NY", "zip": "10601-4607", "ntee": "E220", "ruling": "194109", "deductibility": "1", "assets": 1720109890, "income": 1036345563, "revenue": 1035172357}, {"ein": "131740274", "name": "CALVARY HOSPITAL INC", "city": "BRONX", "state": "NY", "zip": "10461-2300", "ntee": "E240", "ruling": "194603", "deductibility": "1", "assets": 97553000, "income": 130580442, "revenue": 127468800}, {"ein": "131861926", "name": "AUXILIARY OF THE BIRD S COLER MEMORIAL HOSPITAL & HOME INC", "city": "NEW YORK", "state": "NY", "zip": "10044-0000", "ntee": "", "ruling": "195808", "deductibility": "1", "assets": 1075008, "income": 62229, "revenue": 62229}, {"ein": "131864170", "name": "HENRY J CARTER SPECIALTY HOSPITAL AUXILIARY INC", "city": "NEW YORK", "state": "NY", "zip": "10035-2811", "ntee": "E22I", "ruling": "195306", "deductibility": "1", "assets": 953315, "income": 23601, "revenue": 23601}, {"ein": "132724055", "name": "AMERICAN FRIENDS OF KIRYAT SANZ LANIADO HOSPITAL INC", "city": "NEW YORK", "state": "NY", "zip": "10001-1902", "ntee": "Q300", "ruling": "197302", "deductibility": "1", "assets": 5481491, "income": 2576858, "revenue": 2576858}, {"ein": "132861611", "name": "ST JOSEPHS HOSPITAL NURSING HOME OF", "city": "YONKERS", "state": "NY", "zip": "10701-4006", "ntee": "", "ruling": "197309", "deductibility": "1", "assets": 464677, "income": 74029, "revenue": 74029}, {"ein": "132903187", "name": "HOSPITAL ENGINEERING SOCIETY OF GREATER NEW YORK", "city": "NEW YORK", "state": "NY", "zip": "10021-9292", "ntee": "E03", "ruling": "202007", "deductibility": "1", "assets": 152609, "income": 189158, "revenue": 128822}, {"ein": "132954140", "name": "GREATER NEW YORK HOSPITAL FOUNDATION INC", "city": "NEW YORK", "state": "NY", "zip": "10019-2925", "ntee": "E22", "ruling": "197811", "deductibility": "1", "assets": 1072277, "income": 367591, "revenue": 367591}, {"ein": "132971315", "name": "MEDICAL DENTAL STAFF GOOD SAMARITAN HOSPITAL", "city": "SUFFERN", "state": "NY", "zip": "10901-4812", "ntee": "", "ruling": "198003", "deductibility": "1", "assets": 265796, "income": 155960, "revenue": 155960}, {"ein": "132997301", "name": "ST LUKES ROOSEVELT HOSPITAL CENTER", "city": "NEW YORK", "state": "NY", "zip": "10025-1716", "ntee": "E22", "ruling": "193601", "deductibility": "1", "assets": 1401883478, "income": 1628345493, "revenue": 1628345493}, {"ein": "133031061", "name": "VOLUNTEER CORPS OF THE HELEN HAYES HOSPITAL INC", "city": "WEST HAVERSTRAW", "state": "NY", "zip": "10993-0000", "ntee": "E22N", "ruling": "198111", "deductibility": "1", "assets": 85976, "income": 44305, "revenue": 12581}, {"ein": "133040671", "name": "LINCOLN HOSPITAL AUXILIARY INC", "city": "BRONX", "state": "NY", "zip": "10451-5504", "ntee": "", "ruling": "197405", "deductibility": "1", "assets": 939901, "income": 273, "revenue": 273}, {"ein": "133116825", "name": "PRESBYTERIAN HOSPITAL TRUST 40 15C", "city": "NEW YORK", "state": "NY", "zip": "10013-2362", "ntee": "", "ruling": "000000", "deductibility": "0", "assets": 423297, "income": 129684, "revenue": 0}, {"ein": "133245804", "name": "MONTEFIORE NYACK HOSPITAL FOUNDATION INC", "city": "NYACK", "state": "NY", "zip": "10960-1912", "ntee": "E22I", "ruling": "198503", "deductibility": "1", "assets": 3379470, "income": 1062804, "revenue": 962496}, {"ein": "133254655", "name": "THE FOUNDATION OF ST MARYS HOSPITAL AT AMSTERDAM INC", "city": "AMSTERDAM", "state": "NY", "zip": "12010-1003", "ntee": "", "ruling": "198504", "deductibility": "1", "assets": 16428742, "income": 3111179, "revenue": 838427}, {"ein": "133307781", "name": "FOUNDATION OF NEW YORK-PRESBYTERIAN HUDSON VALLEY HOSPITAL", "city": "CORTLANDT MNR", "state": "NY", "zip": "10567-4144", "ntee": "", "ruling": "198601", "deductibility": "1", "assets": 8011445, "income": 2665552, "revenue": 2665552}, {"ein": "133358384", "name": "HEBREW HOSPITAL HOME FOUNDATION INC", "city": "WHITE PLAINS", "state": "NY", "zip": "10605-5222", "ntee": "E22I", "ruling": "198801", "deductibility": "1", "assets": 26685895, "income": 0, "revenue": 0}, {"ein": "133368850", "name": "HELEN HAYES HOSPITAL FOUNDATION INC", "city": "WEST HAVERSTRAW", "state": "NY", "zip": "10993-0000", "ntee": "E86", "ruling": "199009", "deductibility": "1", "assets": 192896, "income": 246269, "revenue": 194622}, {"ein": "133384059", "name": "SEA VIEW HOSPITAL AND HOME AUXILIARY INC", "city": "STATEN ISLAND", "state": "NY", "zip": "10314-6427", "ntee": "", "ruling": "199108", "deductibility": "1", "assets": 11235, "income": 0, "revenue": 0}, {"ein": "133463154", "name": "AUXILIARY OF GOUVERNEUR HOSPITAL INC", "city": "NEW YORK", "state": "NY", "zip": "10002-7537", "ntee": "E86", "ruling": "199501", "deductibility": "1", "assets": 7920198, "income": 212879, "revenue": 212879}, {"ein": "133585520", "name": "SOCIETY FOR HOSPITAL AND RESOURCES EXCHANGE INC", "city": "PIERMONT", "state": "NY", "zip": "10968-1083", "ntee": "Q123", "ruling": "199805", "deductibility": "1", "assets": 358789, "income": 377819, "revenue": 357458}, {"ein": "133593018", "name": "FRIENDS OF HARLEM HOSPITAL CENTER", "city": "NEW YORK", "state": "NY", "zip": "10041-0060", "ntee": "E11", "ruling": "202403", "deductibility": "1", "assets": 0, "income": 0, "revenue": 0}, {"ein": "133620546", "name": "THE SOCIETY OF ALUMNI OF BELLEVUE HOSPITAL", "city": "NEW YORK", "state": "NY", "zip": "10010-0000", "ntee": "B84Z", "ruling": "199301", "deductibility": "2", "assets": 306339, "income": 90834, "revenue": 29121}, {"ein": "133644302", "name": "ALUMNI ASSOCIATION OF THE HOSPITAL FOR JOINT DISEASES", "city": "NEW YORK", "state": "NY", "zip": "10003-3804", "ntee": "", "ruling": "199409", "deductibility": "2", "assets": 246488, "income": 279021, "revenue": 279021}, {"ein": "133712851", "name": "LOCAL 1199 HOSPITAL LEAGUE HEALTH CARE INDUSTRY JOB SECURITY FUND", "city": "NEW YORK", "state": "NY", "zip": "10108-0840", "ntee": "", "ruling": "199412", "deductibility": "2", "assets": 14759305, "income": 6654703, "revenue": 6654703}, {"ein": "133746997", "name": "NEW YORK GRACIE SQUARE HOSPITAL INC", "city": "NEW YORK", "state": "NY", "zip": "10021-3396", "ntee": "F31Z", "ruling": "199706", "deductibility": "1", "assets": 73744339, "income": 79965398, "revenue": 79950148}, {"ein": "133916182", "name": "ASSOCIATION OF ATTENDING STAFF OF MT SINAI HOSPITAL INC", "city": "NEW YORK", "state": "NY", "zip": "10029-6504", "ntee": "", "ruling": "199703", "deductibility": "2", "assets": 56135, "income": 69564, "revenue": 69564}, {"ein": "133957095", "name": "THE NEW YORK AND PRESBYTERIAN HOSPITAL", "city": "NEW YORK", "state": "NY", "zip": "10065-4870", "ntee": "E220", "ruling": "199712", "deductibility": "1", "assets": 20094954661, "income": 10254512111, "revenue": 10254512111}, {"ein": "134036001", "name": "ALUMNI ASSOCIATION HARLEM HOSPITAL CENTER SCHOOL OF NURSING", "city": "NEW YORK", "state": "NY", "zip": "10037-0909", "ntee": "B84", "ruling": "200301", "deductibility": "1", "assets": 0, "income": 0, "revenue": 0}, {"ein": "134067064", "name": "NORTHERN WESTCHESTER HOSPITAL CENTER FOUNDATION INC", "city": "WESTBURY", "state": "NY", "zip": "11590-1740", "ntee": "T20", "ruling": "199910", "deductibility": "1", "assets": 75754902, "income": 6920995, "revenue": 5988505}, {"ein": "134111638", "name": "WESTCHESTER-ELLENVILLE HOSPITAL INC", "city": "ELLENVILLE", "state": "NY", "zip": "12428-5612", "ntee": "E20", "ruling": "200009", "deductibility": "1", "assets": 47754352, "income": 33425357, "revenue": 33396379}, {"ein": "135596796", "name": "MARY IMOGENE BASSETT HOSPITAL", "city": "COOPERSTOWN", "state": "NY", "zip": "13326-1301", "ntee": "E220", "ruling": "193409", "deductibility": "1", "assets": 411187008, "income": 694471179, "revenue": 694471179}, {"ein": "135596828", "name": "BELLEVUE HOSPITAL CENTER INC AUXILIARY", "city": "NEW YORK", "state": "NY", "zip": "10016-9196", "ntee": "E22I", "ruling": "195604", "deductibility": "1", "assets": 5689269, "income": 2325403, "revenue": 309477}, {"ein": "135655183", "name": "AMERICAN FRIENDS OF HERZOG HOSPITAL INC", "city": "NEW YORK", "state": "NY", "zip": "10019-2813", "ntee": "F31I", "ruling": "195607", "deductibility": "1", "assets": 1509975, "income": 1386251, "revenue": 1386251}, {"ein": "136002865", "name": "VETERANS HOSPITAL RADIO & TELEVISION GUILD", "city": "MOUNT VERNON", "state": "NY", "zip": "10550-3205", "ntee": "", "ruling": "195010", "deductibility": "1", "assets": 52941, "income": 1300, "revenue": 1300}, {"ein": "136042039", "name": "H & A HARJES TRUST FOR THE AMERICAN HOSPITAL IN PARIS", "city": "NEW YORK", "state": "NY", "zip": "10008-1297", "ntee": "", "ruling": "197012", "deductibility": "0", "assets": 309896, "income": 66886, "revenue": 0}, {"ein": "136052942", "name": "COLUMBIA PREBYTERIAN HOSPITAL TTEE", "city": "NEW YORK", "state": "NY", "zip": "10013-2362", "ntee": "", "ruling": "000000", "deductibility": "0", "assets": 6563250, "income": 1874170, "revenue": 0}, {"ein": "136053348", "name": "TR MONTEFIORE HOSPITAL FOR", "city": "NEW YORK", "state": "NY", "zip": "10013-2362", "ntee": "", "ruling": "198210", "deductibility": "0", "assets": 623136, "income": 192582, "revenue": 0}, {"ein": "136094042", "name": "NEW YORK HOSPITAL CORNELL MEDICAL CENTER FUND INC", "city": "NEW YORK", "state": "NY", "zip": "10022-6145", "ntee": "E120", "ruling": "195806", "deductibility": "1", "assets": 249439381, "income": 14017724, "revenue": 14017724}, {"ein": "136100833", "name": "AMERICAN FRIENDS OF ALYN HOSPITAL INC", "city": "NEW YORK", "state": "NY", "zip": "10168-1519", "ntee": "Q300", "ruling": "196102", "deductibility": "1", "assets": 5494878, "income": 4067944, "revenue": 3836211}, {"ein": "136114242", "name": "AUXILIARY OF THE HUDSON VALLEY HOSPITAL CENTER AT PEEKSKILL-CORTL", "city": "CORTLANDT MNR", "state": "NY", "zip": "10567-4144", "ntee": "", "ruling": "196209", "deductibility": "1", "assets": 88856, "income": 110502, "revenue": 53494}, {"ein": "136120802", "name": "AUXILIARY FOR THE SOCIETY OF NEW YORK HOSPITAL", "city": "NEW YORK", "state": "NY", "zip": "10065-4870", "ntee": "", "ruling": "196105", "deductibility": "1", "assets": 113755, "income": 3162, "revenue": 3162}, {"ein": "136157662", "name": "ROCKLAND HOSPITAL GUILD INC", "city": "ORANGEBURG", "state": "NY", "zip": "10962-1160", "ntee": "", "ruling": "195208", "deductibility": "1", "assets": 9312766, "income": 5067867, "revenue": 5067867}, {"ein": "136210583", "name": "ORPHAN HOSPITAL WARD OF ISRAEL INC", "city": "BROOKLYN", "state": "NY", "zip": "11219-4970", "ntee": "Q113", "ruling": "196612", "deductibility": "1", "assets": 0, "income": 0, "revenue": 0}, {"ein": "136262489", "name": "GEORGE V COE TRUST UW 137360 ST L UKES HOSPITAL TTEE", "city": "NEW YORK", "state": "NY", "zip": "10013-2362", "ntee": "", "ruling": "197301", "deductibility": "2", "assets": 591500, "income": 182732, "revenue": 0}, {"ein": "136607761", "name": "TRUST U N O MARIETTE PC MAJOR AKA MERCY HOSPITAL ET AL TRUST", "city": "NEW YORK", "state": "NY", "zip": "10017-0000", "ntee": "P20", "ruling": "202501", "deductibility": "1", "assets": 1660505, "income": 390616, "revenue": 0}, {"ein": "136714749", "name": "HOSPITAL FOR SPECIAL SURGERY FUND INC", "city": "NEW YORK", "state": "NY", "zip": "10021-4823", "ntee": "E110", "ruling": "198706", "deductibility": "1", "assets": 135240308, "income": 42046221, "revenue": 27268172}, {"ein": "136749767", "name": "SOUTH NASSAU COMMUNITIES HOSPITAL", "city": "OCEANSIDE", "state": "NY", "zip": "11572-1551", "ntee": "E30", "ruling": "201001", "deductibility": "0", "assets": 0, "income": 0, "revenue": 0}, {"ein": "136821315", "name": "CHARLES RUHL TRUST UW FBO ST BARNBAS HOSPITAL", "city": "NEW YORK", "state": "NY", "zip": "10013-2362", "ntee": "", "ruling": "000000", "deductibility": "0", "assets": 189254, "income": 56586, "revenue": 0}, {"ein": "141338373", "name": "COLUMBIA MEMORIAL HOSPITAL", "city": "HUDSON", "state": "NY", "zip": "12534-2927", "ntee": "E21", "ruling": "201403", "deductibility": "1", "assets": 0, "income": 0, "revenue": 0}, {"ein": "141338386", "name": "SUNNYVIEW HOSPITAL AND REHABILITATION CENTER", "city": "SCHENECTADY", "state": "NY", "zip": "12308-2104", "ntee": "E240", "ruling": "193505", "deductibility": "1", "assets": 58508078, "income": 73162364, "revenue": 73154347}, {"ein": "141338428", "name": "ELLIS HOSPITAL", "city": "SCHENECTADY", "state": "NY", "zip": "12308-2425", "ntee": "E220", "ruling": "194212", "deductibility": "1", "assets": 277508795, "income": 459739689, "revenue": 444348404}, {"ein": "141338465", "name": "NATHAN LITTAUER HOSPITAL ASSOCIATION", "city": "GLOVERSVILLE", "state": "NY", "zip": "12078-1203", "ntee": "E220", "ruling": "194810", "deductibility": "1", "assets": 111820193, "income": 144514977, "revenue": 117063683}, {"ein": "141338467", "name": "NORTHERN DUTCHESS HOSPITAL", "city": "RHINEBECK", "state": "NY", "zip": "12572-3709", "ntee": "E22Z", "ruling": "194603", "deductibility": "1", "assets": 230982167, "income": 184477399, "revenue": 184252399}, {"ein": "141338470", "name": "HEALTHALLIANCE HOSPITAL MARYS AVENUE CAMPUS", "city": "KINGSTON", "state": "NY", "zip": "12401-0000", "ntee": "E20", "ruling": "201505", "deductibility": "1", "assets": 180606200, "income": 192244558, "revenue": 191771812}, {"ein": "141338471", "name": "CHAMPLAIN VALLEY PHYSICIANS HOSPITAL MEDICAL CENTER", "city": "PLATTSBURGH", "state": "NY", "zip": "12901-1438", "ntee": "E220", "ruling": "193206", "deductibility": "1", "assets": 201322411, "income": 427692197, "revenue": 419002256}, {"ein": "141338503", "name": "ST FRANCIS HOSPITAL", "city": "NEW YORK", "state": "NY", "zip": "10036-2745", "ntee": "E220", "ruling": "194603", "deductibility": "1", "assets": 0, "income": 0, "revenue": 0}, {"ein": "141338544", "name": "SAMARITAN HOSPITAL", "city": "TROY", "state": "NY", "zip": "12180-2466", "ntee": "E220", "ruling": "193408", "deductibility": "1", "assets": 341614065, "income": 477516750, "revenue": 474200408}, {"ein": "141340054", "name": "ST LUKES CORNWALL HOSPITAL", "city": "NEWBURGH", "state": "NY", "zip": "12550-4851", "ntee": "E220", "ruling": "200208", "deductibility": "1", "assets": 195286803, "income": 268994731, "revenue": 268202117}, {"ein": "141348692", "name": "ST PETERS HOSPITAL", "city": "ALBANY", "state": "NY", "zip": "12208-1707", "ntee": "E220", "ruling": "194603", "deductibility": "1", "assets": 672388759, "income": 810385130, "revenue": 810065263}, {"ein": "141349558", "name": "HEALTHALLIANCE HOSPITAL BROADWAY CAMPUS", "city": "KINGSTON", "state": "NY", "zip": "12401-4626", "ntee": "E220", "ruling": "193108", "deductibility": "1", "assets": 12729892, "income": 0, "revenue": 0}, {"ein": "141364513", "name": "ELIZABETHTOWN COMMUNITY HOSPITAL", "city": "ELIZABETHTOWN", "state": "NY", "zip": "12932-0000", "ntee": "E22Z", "ruling": "193812", "deductibility": "1", "assets": 82871692, "income": 72621550, "revenue": 66517289}, {"ein": "141372928", "name": "ST MARYS HOSPITAL AUXILIARY INC ST MARYS HOSPITAL", "city": "AMSTERDAM", "state": "NY", "zip": "12010-1003", "ntee": "", "ruling": "195301", "deductibility": "1", "assets": 108931, "income": 103682, "revenue": 68890}, {"ein": "141568253", "name": "NORTHERN METROPOLITAN HOSPITAL ASSOCIATION INC", "city": "HAUPPAUGE", "state": "NY", "zip": "11788-3050", "ntee": "", "ruling": "197507", "deductibility": "2", "assets": 2274688, "income": 841912, "revenue": 160837}, {"ein": "141602516", "name": "ALICE HYDE HOSPITAL ASSOCIATION AUXILIARY", "city": "MALONE", "state": "NY", "zip": "12953-1244", "ntee": "E22I", "ruling": "197906", "deductibility": "1", "assets": 70027, "income": 102196, "revenue": 56889}, {"ein": "141638957", "name": "ELLIS HOSPITAL FOUNDATION INC", "city": "SCHENECTADY", "state": "NY", "zip": "12308-2425", "ntee": "E110", "ruling": "198306", "deductibility": "1", "assets": 23020389, "income": 10224244, "revenue": 4267118}, {"ein": "141684557", "name": "SAMARITAN HOSPITAL SCHOOL OF NURSING ALUMNI ASSOCIATION CHARITA", "city": "TROY", "state": "NY", "zip": "12180-1628", "ntee": "", "ruling": "198708", "deductibility": "1", "assets": 111063, "income": 2994, "revenue": 0}, {"ein": "141736429", "name": "VASSAR BROTHERS HOSPITAL FOUNDATION", "city": "POUGHKEEPSIE", "state": "NY", "zip": "12601-3947", "ntee": "E22I", "ruling": "199107", "deductibility": "1", "assets": 47641794, "income": 2075087, "revenue": 1843420}, {"ein": "141771079", "name": "SAINT FRANCIS HOSPITAL PRESCHOOL PROGRAM", "city": "NEW YORK", "state": "NY", "zip": "10036-2745", "ntee": "", "ruling": "199503", "deductibility": "1", "assets": 0, "income": 0, "revenue": 0}, {"ein": "141772971", "name": "BASSETT HOSPITAL OF SCHOHARIE COUNTY", "city": "COBLESKILL", "state": "NY", "zip": "12043-1533", "ntee": "E220", "ruling": "199503", "deductibility": "1", "assets": 60021391, "income": 47138919, "revenue": 47133950}, {"ein": "146004058", "name": "VOLUNTEER AIDES OF ELLIS HOSPITAL", "city": "SCHENECTADY", "state": "NY", "zip": "12308-2425", "ntee": "T30", "ruling": "201603", "deductibility": "1", "assets": 0, "income": 0, "revenue": 0}, {"ein": "146019179", "name": "PUTNAM HOSPITAL CENTER", "city": "CARMEL", "state": "NY", "zip": "10512-3997", "ntee": "E220", "ruling": "196205", "deductibility": "1", "assets": 159709350, "income": 108757484, "revenue": 108757484}, {"ein": "146046173", "name": "WOMENS AUXILIARY OF SUNNYVIEW HOSPITAL AND REHABILITATION CENTER", "city": "NISKAYUNA", "state": "NY", "zip": "12309-0000", "ntee": "", "ruling": "196911", "deductibility": "1", "assets": 24764, "income": 69856, "revenue": 46164}, {"ein": "146049447", "name": "FLOWER & FRUIT MISSION OF THE SARATOGA HOSPITAL", "city": "SARATOGA SPGS", "state": "NY", "zip": "12866-1003", "ntee": "E22I", "ruling": "196809", "deductibility": "1", "assets": 87681, "income": 141514, "revenue": 74296}, {"ein": "146054078", "name": "T-W K B COOK B-O LEONARD HOSPITAL ET AL 107 24 280310", "city": "NORWICH", "state": "NY", "zip": "13815-0000", "ntee": "", "ruling": "196705", "deductibility": "1", "assets": 390915, "income": 41709, "revenue": 0}, {"ein": "146086641", "name": "NATHAN LITTAUER HOSPITAL AUXILLARY", "city": "GLOVERSVILLE", "state": "NY", "zip": "12078-1203", "ntee": "E20I", "ruling": "198602", "deductibility": "1", "assets": 118102, "income": 139402, "revenue": 29903}, {"ein": "146130033", "name": "HANYS MEMBER HOSPITAL SELF INSURANCE TRUST", "city": "ALBANY", "state": "NY", "zip": "12203-5964", "ntee": "", "ruling": "199110", "deductibility": "2", "assets": 0, "income": 0, "revenue": 0}, {"ein": "146139356", "name": "GLENS FALLS HOSPITAL SELF INS TRUST", "city": "GLENS FALLS", "state": "NY", "zip": "12801-4413", "ntee": "Y200", "ruling": "198907", "deductibility": "1", "assets": 11926384, "income": 2572693, "revenue": 2572693}, {"ein": "150524324", "name": "DELAWARE VALLEY HOSPITAL INC", "city": "WALTON", "state": "NY", "zip": "13856-1457", "ntee": "E22Z", "ruling": "195304", "deductibility": "1", "assets": 46572124, "income": 43056565, "revenue": 43056565}, {"ein": "150532054", "name": "AUBURN COMMUNITY HOSPITAL", "city": "AUBURN", "state": "NY", "zip": "13021-1983", "ntee": "E220", "ruling": "194211", "deductibility": "1", "assets": 157870644, "income": 183058569, "revenue": 183058569}, {"ein": "150532180", "name": "CHENANGO MEMORIAL HOSPITAL INC", "city": "NORWICH", "state": "NY", "zip": "13815-1019", "ntee": "E220", "ruling": "194411", "deductibility": "1", "assets": 99102707, "income": 100079974, "revenue": 100079974}, {"ein": "150532220", "name": "OSWEGO HOSPITAL", "city": "OSWEGO", "state": "NY", "zip": "13126-2507", "ntee": "E220", "ruling": "193605", "deductibility": "1", "assets": 134023773, "income": 186701033, "revenue": 185452544}, {"ein": "150532254", "name": "ST JOSEPHS HOSPITAL HEALTH CENTER", "city": "TROY", "state": "NY", "zip": "12180-1628", "ntee": "E220", "ruling": "197107", "deductibility": "1", "assets": 447622783, "income": 629514240, "revenue": 622058673}, {"ein": "150533564", "name": "SCHUYLER HOSPITAL INC", "city": "MONTOUR FALLS", "state": "NY", "zip": "14865-9740", "ntee": "E22Z", "ruling": "193708", "deductibility": "1", "assets": 51840615, "income": 47184922, "revenue": 47184922}, {"ein": "150533578", "name": "LITTLE FALLS HOSPITAL", "city": "LITTLE FALLS", "state": "NY", "zip": "13365-1725", "ntee": "E220", "ruling": "193703", "deductibility": "1", "assets": 47291684, "income": 50351760, "revenue": 50351620}, {"ein": "150539039", "name": "AURELIA OSBORN FOX MEMORIAL HOSPITAL SOCIETY", "city": "ONEONTA", "state": "NY", "zip": "13820-2629", "ntee": "E220", "ruling": "198511", "deductibility": "1", "assets": 59864117, "income": 96297599, "revenue": 96297599}, {"ein": "150548010", "name": "COMMUNITY MEMORIAL HOSPITAL INC", "city": "HAMILTON", "state": "NY", "zip": "13346-9575", "ntee": "E220", "ruling": "195608", "deductibility": "1", "assets": 35595283, "income": 61769545, "revenue": 61589632}, {"ein": "150551885", "name": "NEW YORK STATE TEAMSTERS COUNCIL HEALTH & HOSPITAL FUND", "city": "SYRACUSE", "state": "NY", "zip": "13221-4928", "ntee": "Y43", "ruling": "200909", "deductibility": "2", "assets": 821558095, "income": 1385633893, "revenue": 224872717}, {"ein": "150552726", "name": "MARGARETVILLE MEMORIAL HOSPITAL", "city": "MARGARETVILLE", "state": "NY", "zip": "12455-2820", "ntee": "E22Z", "ruling": "194412", "deductibility": "1", "assets": 6610821, "income": 16563568, "revenue": 16544761}, {"ein": "150580573", "name": "BINGHAMTON GENERAL HOSPITAL AUXILIARY", "city": "BINGHAMTON", "state": "NY", "zip": "13903-0000", "ntee": "", "ruling": "196410", "deductibility": "1", "assets": 77143, "income": 58686, "revenue": 17834}, {"ein": "150584188", "name": "NEWARK WAYNE COMMUNITY HOSPITAL", "city": "ROCHESTER", "state": "NY", "zip": "14617-5504", "ntee": "E220", "ruling": "195207", "deductibility": "1", "assets": 137933598, "income": 143568286, "revenue": 123083320}, {"ein": "150622079", "name": "CARTHAGE AREA HOSPITAL INC", "city": "CARTHAGE", "state": "NY", "zip": "13619-9703", "ntee": "E22Z", "ruling": "196712", "deductibility": "1", "assets": 52546552, "income": 90472994, "revenue": 89156213}, {"ein": "156013611", "name": "EMORY S REYNOLDS CHARITABLE TRUST FBO CHEN MEM HOSPITAL", "city": "NORWICH", "state": "NY", "zip": "13815-0000", "ntee": "", "ruling": "000000", "deductibility": "0", "assets": 58390, "income": 4487, "revenue": 0}, {"ein": "156017708", "name": "MARY M PECKMAN TR FBO CHEN MEM HOSPITAL", "city": "NORWICH", "state": "NY", "zip": "13815-0000", "ntee": "", "ruling": "197208", "deductibility": "1", "assets": 2988876, "income": 599546, "revenue": 0}, {"ein": "156022760", "name": "GUILD OF ST ELIZABETH HOSPITAL", "city": "UTICA", "state": "NY", "zip": "13501-0000", "ntee": "E22I", "ruling": "197310", "deductibility": "1", "assets": 1, "income": 49, "revenue": 49}, {"ein": "160393490", "name": "CORNING HOSPITAL", "city": "CORNING", "state": "NY", "zip": "14830-3696", "ntee": "E220", "ruling": "195309", "deductibility": "1", "assets": 626333922, "income": 300552556, "revenue": 208627174}, {"ein": "160743032", "name": "GENEVA GENERAL HOSPITAL", "city": "GENEVA", "state": "NY", "zip": "14456-1651", "ntee": "E220", "ruling": "196812", "deductibility": "1", "assets": 208853705, "income": 108798847, "revenue": 108539847}, {"ein": "160743037", "name": "HIGHLAND HOSPITAL OF ROCHESTER", "city": "ROCHESTER", "state": "NY", "zip": "14620-2733", "ntee": "E220", "ruling": "199011", "deductibility": "1", "assets": 573674527, "income": 547342445, "revenue": 547342445}, {"ein": "160743068", "name": "LAKESIDE MEMORIAL HOSPITAL INC", "city": "BROCKPORT", "state": "NY", "zip": "14420-1519", "ntee": "E220", "ruling": "194901", "deductibility": "1", "assets": 1464271, "income": 496, "revenue": 496}, {"ein": "160743102", "name": "OLEAN GENERAL HOSPITAL", "city": "OLEAN", "state": "NY", "zip": "14760-1513", "ntee": "E220", "ruling": "194210", "deductibility": "1", "assets": 144118100, "income": 200299242, "revenue": 199895542}, {"ein": "160743134", "name": "ROCHESTER GENERAL HOSPITAL", "city": "ROCHESTER", "state": "NY", "zip": "14617-5504", "ntee": "E220", "ruling": "193703", "deductibility": "1", "assets": 2085432688, "income": 1700317012, "revenue": 1582335063}, {"ein": "160743187", "name": "SISTERS OF CHARITY HOSPITAL OF BUFFALO NEW YORK", "city": "BUFFALO", "state": "NY", "zip": "14203-1560", "ntee": "E220", "ruling": "194603", "deductibility": "1", "assets": 270133362, "income": 391790500, "revenue": 391790500}, {"ein": "160743301", "name": "BROOKS-TLC HOSPITAL SYSTEM INC", "city": "DUNKIRK", "state": "NY", "zip": "14048-2514", "ntee": "E220", "ruling": "194911", "deductibility": "1", "assets": 49627640, "income": 68898182, "revenue": 68875844}, {"ein": "160743310", "name": "ST JAMES HOSPITAL", "city": "HORNELL", "state": "NY", "zip": "14843-9684", "ntee": "E220", "ruling": "199003", "deductibility": "1", "assets": 94899002, "income": 62149825, "revenue": 61992186}, {"ein": "160743921", "name": "BERTRAND CHAFFEE HOSPITAL", "city": "SPRINGVILLE", "state": "NY", "zip": "14141-1443", "ntee": "E220", "ruling": "195207", "deductibility": "1", "assets": 21863385, "income": 28671541, "revenue": 28671541}, {"ein": "160743979", "name": "NICHOLAS H NOYES MEMORIAL HOSPITAL", "city": "DANSVILLE", "state": "NY", "zip": "14437-9503", "ntee": "E220", "ruling": "000000", "deductibility": "1", "assets": 88091636, "income": 93167873, "revenue": 93102253}, {"ein": "160755761", "name": "CUBA MEMORIAL HOSPITAL INC", "city": "CUBA", "state": "NY", "zip": "14727-1317", "ntee": "E22Z", "ruling": "194205", "deductibility": "1", "assets": 11773233, "income": 9532946, "revenue": 9526956}, {"ein": "160756336", "name": "MERCY HOSPITAL OF BUFFALO", "city": "BUFFALO", "state": "NY", "zip": "14203-1560", "ntee": "E220", "ruling": "194603", "deductibility": "1", "assets": 268555572, "income": 480225189, "revenue": 480225189}, {"ein": "160762843", "name": "KENMORE MERCY HOSPITAL", "city": "BUFFALO", "state": "NY", "zip": "14203-1560", "ntee": "E220", "ruling": "194603", "deductibility": "1", "assets": 146972942, "income": 197082562, "revenue": 197082562}, {"ein": "160835446", "name": "IRA DAVENPORT MEMORIAL HOSPITAL INC", "city": "BATH", "state": "NY", "zip": "14810-9504", "ntee": "E220", "ruling": "195902", "deductibility": "1", "assets": 15779394, "income": 22714037, "revenue": 22357523}, {"ein": "160960470", "name": "CROUSE HEALTH HOSPITAL INC", "city": "SYRACUSE", "state": "NY", "zip": "13210-1602", "ntee": "E220", "ruling": "196911", "deductibility": "1", "assets": 331752012, "income": 563988153, "revenue": 563983492}, {"ein": "161012691", "name": "CANTON-POTSDAM HOSPITAL", "city": "POTSDAM", "state": "NY", "zip": "13676-1786", "ntee": "E22Z", "ruling": "197309", "deductibility": "1", "assets": 268048575, "income": 262375569, "revenue": 262367355}, {"ein": "161108364", "name": "POTSDAM HOSPITAL GUILD INC", "city": "POTSDAM", "state": "NY", "zip": "13676-5184", "ntee": "", "ruling": "197810", "deductibility": "1", "assets": 80876, "income": 45949, "revenue": 37954}, {"ein": "161137084", "name": "EASTERN NIAGARA HOSPITAL INC", "city": "LOCKPORT", "state": "NY", "zip": "14094-3201", "ntee": "E220", "ruling": "198004", "deductibility": "1", "assets": 11942825, "income": 32276968, "revenue": 32276968}, {"ein": "161170915", "name": "LOURDES HOSPITAL FOUNDATION INC", "city": "BINGHAMTON", "state": "NY", "zip": "13905-4171", "ntee": "E22I", "ruling": "198205", "deductibility": "1", "assets": 33696975, "income": 6069613, "revenue": 2155532}, {"ein": "161188575", "name": "GOUVERNEUR HOSPITAL AUXILIARY", "city": "GOUVERNEUR", "state": "NY", "zip": "13642-1040", "ntee": "E112", "ruling": "199603", "deductibility": "1", "assets": 105589, "income": 54993, "revenue": 37764}, {"ein": "161279472", "name": "CANTON-POTSDAM HOSPITAL FOUNDATION INC", "city": "POTSDAM", "state": "NY", "zip": "13676-1602", "ntee": "E112", "ruling": "198701", "deductibility": "1", "assets": 34229630, "income": 9805607, "revenue": 2552931}, {"ein": "161290725", "name": "CHENANGO MEMORIAL HOSPITAL FOUNDATION INC", "city": "NORWICH", "state": "NY", "zip": "13815-1019", "ntee": "", "ruling": "198806", "deductibility": "1", "assets": 7088542, "income": 1297793, "revenue": 541522}, {"ein": "161332044", "name": "THE CHILDRENS HOSPITAL OF BUFFALO FOUNDATION", "city": "BUFFALO", "state": "NY", "zip": "14210-0000", "ntee": "E112", "ruling": "198905", "deductibility": "1", "assets": 76066845, "income": 13900634, "revenue": 12294299}, {"ein": "161360884", "name": "MOUNT ST MARYS HOSPITAL FOUNDATION INC", "city": "BUFFALO", "state": "NY", "zip": "14203-1560", "ntee": "E22I", "ruling": "199402", "deductibility": "1", "assets": 9124425, "income": 2769782, "revenue": 657575}, {"ein": "161364515", "name": "ROME HOSPITAL FOUNDATION INC", "city": "ROME", "state": "NY", "zip": "13440-2834", "ntee": "", "ruling": "199102", "deductibility": "1", "assets": 13493838, "income": 6919608, "revenue": 6798721}, {"ein": "161450280", "name": "WYOMING COMMUNITY HOSPITAL FOUNDATION", "city": "WARSAW", "state": "NY", "zip": "14569-1025", "ntee": "", "ruling": "199410", "deductibility": "1", "assets": 1020829, "income": 357312, "revenue": 252633}, {"ein": "161467023", "name": "CARTHAGE AREA HOSPITAL FOUNDATION INC", "city": "CARTHAGE", "state": "NY", "zip": "13619-1360", "ntee": "E110", "ruling": "199512", "deductibility": "1", "assets": 2540220, "income": 229264, "revenue": 207626}, {"ein": "161471634", "name": "ROME MEMORIAL HOSPITAL INC", "city": "ROME", "state": "NY", "zip": "13440-2844", "ntee": "E22Z", "ruling": "199506", "deductibility": "1", "assets": 82098269, "income": 122675547, "revenue": 115095740}, {"ein": "161493864", "name": "ST JEROME HOSPITAL GUILD INC", "city": "BATAVIA", "state": "NY", "zip": "14020-2250", "ntee": "T30I", "ruling": "199607", "deductibility": "1", "assets": 114892, "income": 50118, "revenue": 6259}, {"ein": "161497087", "name": "OLEAN GENERAL HOSPITAL FOUNDATION", "city": "OLEAN", "state": "NY", "zip": "14760-1513", "ntee": "T00I", "ruling": "199611", "deductibility": "1", "assets": 43882685, "income": 7285160, "revenue": 2589846}, {"ein": "161523353", "name": "MOUNT ST MARYS HOSPITAL OF NIAGARA FALLS", "city": "BUFFALO", "state": "NY", "zip": "14203-1560", "ntee": "E220", "ruling": "194603", "deductibility": "1", "assets": 139539911, "income": 149561185, "revenue": 149561185}, {"ein": "161532424", "name": "BERTRAND CHAFFEE HOSPITAL FOUNDATION INC", "city": "SPRINGVILLE", "state": "NY", "zip": "14141-1443", "ntee": "E112", "ruling": "200010", "deductibility": "1", "assets": 283452, "income": 104344, "revenue": 90361}, {"ein": "161540394", "name": "OCONNOR HOSPITAL", "city": "DELHI", "state": "NY", "zip": "13753-7407", "ntee": "E22Z", "ruling": "199806", "deductibility": "1", "assets": 41031766, "income": 22201131, "revenue": 22201131}, {"ein": "161560033", "name": "CLIFTON SPRINGS HOSPITAL & CLINIC FOUNDATION INC", "city": "CLIFTON SPGS", "state": "NY", "zip": "14432-1122", "ntee": "E112", "ruling": "200003", "deductibility": "1", "assets": 10485827, "income": 3422704, "revenue": 1244634}, {"ein": "161582926", "name": "BOARD OF ASSOCIATES OF MOUNT ST MARYS HOSPITAL NIAGARA FALLS INC", "city": "LEWISTON", "state": "NY", "zip": "14092-1903", "ntee": "B82", "ruling": "200507", "deductibility": "1", "assets": 20300, "income": 17218, "revenue": 1915}, {"ein": "161599892", "name": "AUBURN COMMUNITY HOSPITAL FOUNDATION INC", "city": "AUBURN", "state": "NY", "zip": "13021-0918", "ntee": "E22", "ruling": "200105", "deductibility": "1", "assets": 5329909, "income": 1906817, "revenue": 1223483}, {"ein": "161602484", "name": "LEWIS COUNTY HOSPITAL FOUNDATION INC", "city": "LOWVILLE", "state": "NY", "zip": "13367-1229", "ntee": "E11", "ruling": "200108", "deductibility": "1", "assets": 2375008, "income": 1364868, "revenue": 680848}, {"ein": "161603283", "name": "COMMUNITY MEMORIAL HOSPITAL FOUNDATION INC", "city": "HAMILTON", "state": "NY", "zip": "13346-9575", "ntee": "E112", "ruling": "200108", "deductibility": "1", "assets": 3251656, "income": 754300, "revenue": 468010}, {"ein": "161614791", "name": "SPEAK ANIMAL HOSPITAL PC", "city": "BINGHAMTON", "state": "NY", "zip": "13905-5713", "ntee": "D40", "ruling": "200302", "deductibility": "1", "assets": 858072, "income": 2830203, "revenue": 2830203}, {"ein": "166022662", "name": "ROAT TR FBO OLEAN GENERAL HOSPITAL", "city": "OLEAN", "state": "NY", "zip": "14760-2738", "ntee": "", "ruling": "199111", "deductibility": "1", "assets": 831289, "income": 60409, "revenue": 19174}, {"ein": "166023798", "name": "LIDA T MARSHALL TRUST U/W FBO NIAGARA FALLS MEMORIAL HOSPITAL", "city": "NORWICH", "state": "NY", "zip": "13815-0000", "ntee": "T20", "ruling": "201110", "deductibility": "1", "assets": 76492, "income": 4055, "revenue": 0}, {"ein": "166026405", "name": "GEORGE WALKER UW FBO CLIFTON SPRINGS HOSPITAL 1000844", "city": "PITTSFORD", "state": "NY", "zip": "14534-3838", "ntee": "", "ruling": "000000", "deductibility": "0", "assets": 736907, "income": 155637, "revenue": 0}, {"ein": "166047968", "name": "MR & MRS LEO E CONSIDINE SCHOLAR SHIP FBO ST JOSEPHS HOSPITAL", "city": "ELMIRA", "state": "NY", "zip": "14902-0152", "ntee": "", "ruling": "197109", "deductibility": "1", "assets": 19651, "income": 1899, "revenue": 0}, {"ein": "166053299", "name": "FREDERICK FERRIS THOMPSON HOSPITAL GUILD", "city": "CANANDAIGUA", "state": "NY", "zip": "14424-8719", "ntee": "", "ruling": "195308", "deductibility": "0", "assets": 370064, "income": 345718, "revenue": 135277}, {"ein": "166182160", "name": "FOX MEMORIAL HOSPITAL TRUST UNDER WILL OF ANNE E SCOTT", "city": "ONEONTA", "state": "NY", "zip": "13820-2502", "ntee": "T11", "ruling": "199910", "deductibility": "1", "assets": 894778, "income": 316751, "revenue": 0}, {"ein": "166185002", "name": "TRUST UWO MURRAY WALKER PAR 4 FBO IRA DAVENPORT HOSPITAL", "city": "PITTSFORD", "state": "NY", "zip": "14534-3838", "ntee": "T22", "ruling": "200909", "deductibility": "1", "assets": 141200, "income": 16554, "revenue": 0}, {"ein": "166202044", "name": "WM DUNNE TRUST FBO CHENANGO MEMORIAL HOSPITAL 07601-60-2 NATIO", "city": "NORWICH", "state": "NY", "zip": "13815-1646", "ntee": "", "ruling": "197602", "deductibility": "1", "assets": 0, "income": 0, "revenue": 0}, {"ein": "166212834", "name": "OTIS THOMPSON FBO CHENANGO MEMORIAL HOSPITAL", "city": "NORWICH", "state": "NY", "zip": "13815-0000", "ntee": "", "ruling": "197710", "deductibility": "1", "assets": 385303, "income": 71608, "revenue": 0}, {"ein": "166247584", "name": "JEAN M NEWTON FBO CHENANGO MEMORIAL HOSPITAL", "city": "NORWICH", "state": "NY", "zip": "13815-0000", "ntee": "E22I", "ruling": "198302", "deductibility": "1", "assets": 2257673, "income": 441905, "revenue": 0}, {"ein": "166365981", "name": "GERALD CORNELL TR UA FBO SCHUYLER HOSPITAL", "city": "ELMIRA", "state": "NY", "zip": "14902-0015", "ntee": "", "ruling": "199208", "deductibility": "1", "assets": 1013478, "income": 92639, "revenue": 0}, {"ein": "166372188", "name": "FULD SCHOOL NURSING NORTH GENERAL HOSPITAL TRUST 10-218390", "city": "NEW YORK", "state": "NY", "zip": "10001-2189", "ntee": "B115", "ruling": "200402", "deductibility": "1", "assets": 511072, "income": 283426, "revenue": 0}, {"ein": "166449844", "name": "LAURA E MOSHER TR UW SHRINERS HOSPITAL", "city": "NEW YORK", "state": "NY", "zip": "10001-2189", "ntee": "E112", "ruling": "199902", "deductibility": "1", "assets": 1221639, "income": 455880, "revenue": 0}, {"ein": "200096809", "name": "PHYSICIANS OF UNIVERSITY HOSPITAL PC", "city": "WESTBURY", "state": "NY", "zip": "11590-1740", "ntee": "E30", "ruling": "201012", "deductibility": "1", "assets": 60731413, "income": 356270871, "revenue": 356270871}, {"ein": "200714587", "name": "CENTRAL SUFFOLK HOSPITAL FOUNDATION", "city": "RIVERHEAD", "state": "NY", "zip": "11901-2054", "ntee": "E11", "ruling": "200412", "deductibility": "1", "assets": 55316259, "income": 31449678, "revenue": 20566899}, {"ein": "202497520", "name": "ST JOSEPHS COLLEGE OF NURSING AT ST JOSEPHS HOSPITAL HEALTH CENTER", "city": "SYRACUSE", "state": "NY", "zip": "13203-1806", "ntee": "B50", "ruling": "201810", "deductibility": "1", "assets": 0, "income": 0, "revenue": 0}, {"ein": "203018640", "name": "AUXILIARY OF ST JOSEPHS HOSPITAL HEALTH CENTER", "city": "SYRACUSE", "state": "NY", "zip": "13203-1807", "ntee": "E112", "ruling": "200608", "deductibility": "1", "assets": 301303, "income": 165676, "revenue": 165676}, {"ein": "222149775", "name": "ST JOSEPHS HOSPITAL HEALTH CENTER FOUNDATION INC", "city": "SYRACUSE", "state": "NY", "zip": "13203-1807", "ntee": "F31I", "ruling": "197704", "deductibility": "1", "assets": 21567403, "income": 2397039, "revenue": 2224284}, {"ein": "222188507", "name": "HOSPITAL EXECUTIVE COUNCIL RONALD LAGOR EXECUTIVE DIRECTOR", "city": "SYRACUSE", "state": "NY", "zip": "13209-1027", "ntee": "E21Z", "ruling": "197805", "deductibility": "1", "assets": 430130, "income": 393588, "revenue": 393588}, {"ein": "222209721", "name": "MERCY HOSPITAL FOUNDATION INC", "city": "BUFFALO", "state": "NY", "zip": "14203-1560", "ntee": "T70Z", "ruling": "197808", "deductibility": "1", "assets": 5086428, "income": 1397911, "revenue": 826825}, {"ein": "222230692", "name": "CORTLAND MEMORIAL FOUNDATION IND C O CORTLAND MEMORIAL HOSPITAL INC", "city": "CORTLAND", "state": "NY", "zip": "13045-1206", "ntee": "E22I", "ruling": "197902", "deductibility": "1", "assets": 10763293, "income": 967541, "revenue": 925105}, {"ein": "222232639", "name": "HOSPITAL CONSORTIUM OF GREATER ROCHESTER", "city": "ROCHESTER", "state": "NY", "zip": "14627-0000", "ntee": "", "ruling": "197910", "deductibility": "1", "assets": 0, "income": 0, "revenue": 0}, {"ein": "222262982", "name": "ST PETERS HOSPITAL FOUNDATION INC", "city": "ALBANY", "state": "NY", "zip": "12208-1771", "ntee": "", "ruling": "197911", "deductibility": "1", "assets": 16588999, "income": 5665868, "revenue": 5665868}, {"ein": "222270533", "name": "WESTFIELD MEMORIAL HOSPITAL FOUNDATION INC", "city": "WESTFIELD", "state": "NY", "zip": "14787-1104", "ntee": "T11", "ruling": "198209", "deductibility": "1", "assets": 1304374, "income": 627735, "revenue": 553404}, {"ein": "222283077", "name": "SISTERS OF CHARITY HOSPITAL FOUNDATION INC", "city": "BUFFALO", "state": "NY", "zip": "14203-1560", "ntee": "", "ruling": "198001", "deductibility": "1", "assets": 11837875, "income": 4034932, "revenue": 1205376}, {"ein": "222315333", "name": "ELLENVILLE REGIONAL HOSPITAL AUXILIARY", "city": "ELLENVILLE", "state": "NY", "zip": "12428-5612", "ntee": "", "ruling": "198402", "deductibility": "1", "assets": 13069, "income": 46938, "revenue": 30411}, {"ein": "222364281", "name": "ST JEROME HOSPITAL FOUNDATION INC", "city": "BATAVIA", "state": "NY", "zip": "14021-0249", "ntee": "", "ruling": "198109", "deductibility": "1", "assets": 1189154, "income": 146325, "revenue": 64765}, {"ein": "222412251", "name": "BROOKS-TLC HOSPITAL FOUNDATION INC", "city": "DUNKIRK", "state": "NY", "zip": "14048-2514", "ntee": "", "ruling": "198209", "deductibility": "1", "assets": 116545, "income": 74777, "revenue": 74777}, {"ein": "222443099", "name": "WILSON HOSPITAL AUXILIARY", "city": "JOHNSON CITY", "state": "NY", "zip": "13790-2107", "ntee": "E11", "ruling": "201907", "deductibility": "1", "assets": 47243, "income": 90137, "revenue": -3268}, {"ein": "222505127", "name": "SUNNYVIEW HOSPITAL AND REHABILITATION CENTER FOUNDATION I", "city": "SCHENECTADY", "state": "NY", "zip": "12308-2104", "ntee": "E70", "ruling": "198502", "deductibility": "1", "assets": 10058814, "income": 1537902, "revenue": 1537902}, {"ein": "222586307", "name": "MASSENA MEMORIAL HOSPITAL FOUNDATION INC", "city": "MASSENA", "state": "NY", "zip": "13662-0625", "ntee": "E22I", "ruling": "198505", "deductibility": "1", "assets": 2004483, "income": 549453, "revenue": 130920}, {"ein": "222743478", "name": "SAMARITAN HOSPITAL AND THE EDDY", "city": "ALBANY", "state": "NY", "zip": "12208-1771", "ntee": "E12", "ruling": "198708", "deductibility": "1", "assets": 26706742, "income": 7258218, "revenue": 7258218}, {"ein": "222786828", "name": "JOHNSTOWN HOSPITAL FOUNDATION INC", "city": "JOHNSTOWN", "state": "NY", "zip": "12095-0546", "ntee": "", "ruling": "000000", "deductibility": "0", "assets": 6570782, "income": 1669107, "revenue": 651871}, {"ein": "222807681", "name": "MEMORIAL HOSPITAL OF WILLIAM F AND GERTRUDE F JONES INC", "city": "WELLSVILLE", "state": "NY", "zip": "14895-1150", "ntee": "E22", "ruling": "198707", "deductibility": "1", "assets": 96754018, "income": 85425818, "revenue": 82693777}, {"ein": "222839809", "name": "GENESEE DIETETIC ASSOCIATION INC STRONG MEMORIAL HOSPITAL", "city": "ROCHESTER", "state": "NY", "zip": "14692-2724", "ntee": "", "ruling": "199112", "deductibility": "1", "assets": 0, "income": 0, "revenue": 0}, {"ein": "222959984", "name": "F F THOMPSON HOSPITAL FOUNDATION INC", "city": "CANANDAIGUA", "state": "NY", "zip": "14424-1731", "ntee": "", "ruling": "198905", "deductibility": "1", "assets": 18000183, "income": 5535238, "revenue": 5436643}, {"ein": "223163818", "name": "SENECA HILL MANOR INC OSWEGO HOSPITAL", "city": "OSWEGO", "state": "NY", "zip": "13126-6496", "ntee": "E910", "ruling": "199310", "deductibility": "1", "assets": 10891565, "income": 14531631, "revenue": 14531631}, {"ein": "223170716", "name": "MONROE COMMUNITY HOSPITAL AUXILIARY", "city": "ROCHESTER", "state": "NY", "zip": "14620-4629", "ntee": "C99Z", "ruling": "199208", "deductibility": "1", "assets": 444826, "income": 193525, "revenue": 93825}, {"ein": "223329257", "name": "OSWEGO HOSPITAL EMPLOYEE FUND", "city": "OSWEGO", "state": "NY", "zip": "13126-2507", "ntee": "J40", "ruling": "201504", "deductibility": "2", "assets": 0, "income": 0, "revenue": 0}, {"ein": "223411101", "name": "OLEAN GENERAL HOSPITAL TR UW FBO O DEAN", "city": "OLEAN", "state": "NY", "zip": "14760-2738", "ntee": "", "ruling": "000000", "deductibility": "0", "assets": 276262, "income": 59593, "revenue": 22483}, {"ein": "236651072", "name": "VERBIE C EMIG FBO YORK HOSPITAL TR UW", "city": "BUFFALO", "state": "NY", "zip": "14240-1504", "ntee": "", "ruling": "197805", "deductibility": "1", "assets": 965758, "income": 307572, "revenue": 0}, {"ein": "236899585", "name": "MARGARET O MCCORMICK ET AL FBO HARRISBURG HOSPITAL", "city": "AMHERST", "state": "NY", "zip": "14228-2307", "ntee": "T22", "ruling": "200204", "deductibility": "1", "assets": 244593, "income": 55710, "revenue": 0}, {"ein": "237010468", "name": "NORTH SHORE UNIVERSITY HOSPITAL AT GLEN COVE HOUSING INC", "city": "WESTBURY", "state": "NY", "zip": "11590-1740", "ntee": "", "ruling": "196902", "deductibility": "2", "assets": 293978, "income": 374569, "revenue": 374569}, {"ein": "237029185", "name": "WESTFIELD HOSPITAL REGIONAL AUXILIARY INC", "city": "WESTFIELD", "state": "NY", "zip": "14787-9643", "ntee": "", "ruling": "196907", "deductibility": "1", "assets": 0, "income": 0, "revenue": 0}, {"ein": "237062966", "name": "SOUTH NASSAU COMMUNITIES HOSPITAL", "city": "OCEANSIDE", "state": "NY", "zip": "11572-2209", "ntee": "E30", "ruling": "201001", "deductibility": "1", "assets": 74256, "income": 628352, "revenue": 628352}, {"ein": "237120943", "name": "JONES MEMORIAL HOSPITAL AUXILIARY", "city": "WELLSVILLE", "state": "NY", "zip": "14895-1150", "ntee": "", "ruling": "197107", "deductibility": "1", "assets": 0, "income": 0, "revenue": 0}, {"ein": "237160641", "name": "MONTEFIORE HOSPITAL HOUSING SECTION II INC", "city": "BRONX", "state": "NY", "zip": "10467-2510", "ntee": "", "ruling": "197111", "deductibility": "2", "assets": 12265692, "income": 7210817, "revenue": 7210817}, {"ein": "237216197", "name": "JAMAICA HOSPITAL NURSING HOME INC", "city": "JAMAICA", "state": "NY", "zip": "11418-2828", "ntee": "", "ruling": "197209", "deductibility": "1", "assets": 44441264, "income": 37435855, "revenue": 37435855}, {"ein": "237217358", "name": "MASSENA MEMORIAL HOSPITAL AUXILIARY INC", "city": "MASSENA", "state": "NY", "zip": "13662-1056", "ntee": "E22I", "ruling": "197206", "deductibility": "1", "assets": 37949, "income": 12580, "revenue": 11875}, {"ein": "237221763", "name": "THE UNITY HOSPITAL OF ROCHESTER", "city": "ROCHESTER", "state": "NY", "zip": "14617-5504", "ntee": "E220", "ruling": "197208", "deductibility": "1", "assets": 509248933, "income": 748404933, "revenue": 733057713}, {"ein": "237227989", "name": "EDWARD JOHN NOBLE HOSPITAL OF ALEXANDRIA BAY", "city": "WATERTOWN", "state": "NY", "zip": "13601-3995", "ntee": "A50", "ruling": "201410", "deductibility": "1", "assets": 322723, "income": 0, "revenue": 0}, {"ein": "237310662", "name": "HIGHLAND HOSPITAL FOUNDATION INC", "city": "ROCHESTER", "state": "NY", "zip": "14620-2733", "ntee": "E22I", "ruling": "197308", "deductibility": "1", "assets": 15090906, "income": 1718424, "revenue": 1488173}, {"ein": "237319356", "name": "ASSOCIATION OF TWIGS MEDINA MEMORIAL HOSPITAL", "city": "MEDINA", "state": "NY", "zip": "14103-1716", "ntee": "E21Z", "ruling": "199704", "deductibility": "1", "assets": 0, "income": 0, "revenue": 0}, {"ein": "237390186", "name": "AUXILIARY OF KINGS COUNTY HOSPITAL CENTER INC", "city": "BROOKLYN", "state": "NY", "zip": "11203-2054", "ntee": "E22I", "ruling": "197407", "deductibility": "1", "assets": 469360, "income": 75682, "revenue": 75682}, {"ein": "237901431", "name": "ANNA SNIVELY TR FBO CHAMBERSBURG HOSPITAL", "city": "BUFFALO", "state": "NY", "zip": "14240-1504", "ntee": "T20", "ruling": "200508", "deductibility": "1", "assets": 6531572, "income": 1710858, "revenue": 0}, {"ein": "256171361", "name": "FLECK TW ALTOONA HOSPITAL", "city": "BUFFALO", "state": "NY", "zip": "14240-1504", "ntee": "T20", "ruling": "200507", "deductibility": "0", "assets": 192764, "income": 60178, "revenue": 0}, {"ein": "262692377", "name": "SOUTH NASSAU COMMUNITIES HOSPITAL", "city": "OCEANSIDE", "state": "NY", "zip": "11572-0000", "ntee": "E30", "ruling": "201001", "deductibility": "0", "assets": 0, "income": 0, "revenue": 0}, {"ein": "272843521", "name": "SOUTH NASSAU COMMUNITES HOSPITAL", "city": "OCEANSIDE", "state": "NY", "zip": "11572-1551", "ntee": "", "ruling": "201001", "deductibility": "1", "assets": 36260695, "income": 64438780, "revenue": 64438780}, {"ein": "273857309", "name": "SOUTH NASSAU COMMUNITIES HOSPITAL", "city": "OCEANSIDE", "state": "NY", "zip": "11572-0000", "ntee": "", "ruling": "201001", "deductibility": "1", "assets": 0, "income": 0, "revenue": 0}, {"ein": "274344388", "name": "SOUTH NASSAU COMMUNITIES HOSPITAL", "city": "OCEANSIDE", "state": "NY", "zip": "11572-1551", "ntee": "", "ruling": "201001", "deductibility": "1", "assets": 0, "income": 0, "revenue": 0}, {"ein": "275368294", "name": "SOUTH NASSAU COMMUNITIES HOSPITAL", "city": "OCEANSIDE", "state": "NY", "zip": "11572-1551", "ntee": "", "ruling": "201011", "deductibility": "1", "assets": 0, "income": 0, "revenue": 0}, {"ein": "275459970", "name": "BROOKLYN HOSPITAL WOMENS HEALTHCARE MEDICAL PROVIDERS PC", "city": "BROOKLYN", "state": "NY", "zip": "11201-0000", "ntee": "E300", "ruling": "201403", "deductibility": "1", "assets": 1, "income": 0, "revenue": 0}, {"ein": "300102842", "name": "FLOATING HOSPITAL FOUNDATION INC", "city": "LONG IS CITY", "state": "NY", "zip": "11101-4801", "ntee": "E112", "ruling": "200303", "deductibility": "1", "assets": 1063582, "income": 2066097, "revenue": 1950960}, {"ein": "300571390", "name": "ST LUKES -ROOSEVELT HOSPITAL CENTER FOUNDATION INC", "city": "NEW YORK", "state": "NY", "zip": "10017-5612", "ntee": "E11", "ruling": "201008", "deductibility": "1", "assets": 7447956, "income": 0, "revenue": 0}, {"ein": "326175766", "name": "LONG ISLAND COLLEGE HOSPITAL MALPRACTICE TR", "city": "NEW YORK", "state": "NY", "zip": "10122-1105", "ntee": "E111", "ruling": "201409", "deductibility": "1", "assets": 29798012, "income": 31494916, "revenue": 1241321}, {"ein": "331117810", "name": "NORTH SHORE UNIVERSITY HOSPITAL MEDICAL STAFF SOCIETY INC", "city": "MANHASSET", "state": "NY", "zip": "11030-3816", "ntee": "E03", "ruling": "200512", "deductibility": "2", "assets": 1353070, "income": 91200, "revenue": 91200}, {"ein": "333646819", "name": "NEXT GEN HOSPITAL INC", "city": "NEW YORK", "state": "NY", "zip": "10016-4600", "ntee": "B99", "ruling": "202504", "deductibility": "1", "assets": 0, "income": 0, "revenue": 0}, {"ein": "352181050", "name": "RONALD MCDONALD HOUSE AT THE MARIA FARERI CHILDRENS HOSPITAL INC", "city": "VALHALLA", "state": "NY", "zip": "10595-1556", "ntee": "", "ruling": "200712", "deductibility": "1", "assets": 7891363, "income": 2764019, "revenue": 2557860}, {"ein": "371562427", "name": "ELLENVILLE REGIONAL HOSPITAL FOUNDATION INC", "city": "ELLENVILLE", "state": "NY", "zip": "12428-5612", "ntee": "E111", "ruling": "201101", "deductibility": "1", "assets": 1760050, "income": 376212, "revenue": 339875}, {"ein": "383843950", "name": "SOUTH NASSAU COMMUNITIES HOSPITAL", "city": "OCEANSIDE", "state": "NY", "zip": "11572-1551", "ntee": "", "ruling": "201001", "deductibility": "1", "assets": 0, "income": 0, "revenue": 0}, {"ein": "412076312", "name": "ST CHARLES HOSPITAL FOUNDATION", "city": "PRT JEFFERSON", "state": "NY", "zip": "11777-1928", "ntee": "", "ruling": "194603", "deductibility": "1", "assets": 4632652, "income": 768304, "revenue": 660562}, {"ein": "432073565", "name": "AMERICAN FRIENDS OF ERSKINE HOSPITAL INC", "city": "NEW YORK", "state": "NY", "zip": "10019-4702", "ntee": "E122", "ruling": "200708", "deductibility": "1", "assets": 0, "income": 0, "revenue": 0}, {"ein": "452653932", "name": "MEDICAL STAFF OF KINGS COUNTY HOSPITAL INC", "city": "BROOKLYN", "state": "NY", "zip": "11203-0000", "ntee": "E03", "ruling": "201303", "deductibility": "2", "assets": 0, "income": 0, "revenue": 0}, {"ein": "452661543", "name": "LENOX HILL HOSPITAL MEDICAL PC", "city": "WESTBURY", "state": "NY", "zip": "11590-1740", "ntee": "E31", "ruling": "201810", "deductibility": "1", "assets": 1019192, "income": 28669859, "revenue": 28669859}, {"ein": "453008518", "name": "MEDICAL STAFF OF ST FRANCIS HOSPITAL ROSLYN NEW YORK", "city": "ROSLYN", "state": "NY", "zip": "11576-1347", "ntee": "E032", "ruling": "201111", "deductibility": "2", "assets": 472375, "income": 123570, "revenue": 123570}, {"ein": "454799159", "name": "SOUTH NASSAU COMMUNITIES HOSPITAL", "city": "OCEANSIDE", "state": "NY", "zip": "11572-1551", "ntee": "E30", "ruling": "201001", "deductibility": "0", "assets": 0, "income": 0, "revenue": 0}, {"ein": "455191162", "name": "MEDICAL STAFF OF GOOD SAMARITAN HOSPITAL MEDICAL CENTER", "city": "WEST ISLIP", "state": "NY", "zip": "11795-4927", "ntee": "S41", "ruling": "201404", "deductibility": "2", "assets": 454234, "income": 274758, "revenue": 274758}, {"ein": "455272144", "name": "SOUTH NASSAU COMMUNITIES HOSPITAL", "city": "OCEANSIDE", "state": "NY", "zip": "11572-1551", "ntee": "E30", "ruling": "201001", "deductibility": "1", "assets": 0, "income": 0, "revenue": 0}, {"ein": "462115495", "name": "ERIE COUNTY HOSPITAL RETIREES ASSOCIATION", "city": "WEST SENECA", "state": "NY", "zip": "14224-1224", "ntee": "S40", "ruling": "201412", "deductibility": "2", "assets": 0, "income": 0, "revenue": 0}, {"ein": "462905667", "name": "SOUTH NASSAU COMMUNITIES HOSPITAL", "city": "OCEANSIDE", "state": "NY", "zip": "11572-1551", "ntee": "E30", "ruling": "201001", "deductibility": "2", "assets": 0, "income": 0, "revenue": 0}, {"ein": "462916938", "name": "MONTEFIORE MOUNT VERNON HOSPITAL", "city": "NEW ROCHELLE", "state": "NY", "zip": "10801-5502", "ntee": "E20", "ruling": "201411", "deductibility": "1", "assets": 41885391, "income": 61725421, "revenue": 61723291}, {"ein": "462931956", "name": "MONTEFIORE NEW ROCHELLE HOSPITAL", "city": "NEW ROCHELLE", "state": "NY", "zip": "10801-5502", "ntee": "E22", "ruling": "201409", "deductibility": "1", "assets": 120367220, "income": 168060644, "revenue": 167940214}, {"ein": "464249555", "name": "GOUVERNEUR HOSPITAL", "city": "GOUVERNEUR", "state": "NY", "zip": "13642-1040", "ntee": "E20", "ruling": "201409", "deductibility": "1", "assets": 32251939, "income": 38134999, "revenue": 37980965}, {"ein": "471158887", "name": "MEDICAL STAFF OF ST CHARLES HOSPITAL", "city": "PRT JEFFERSON", "state": "NY", "zip": "11777-1928", "ntee": "S99", "ruling": "201505", "deductibility": "2", "assets": 334605, "income": 127310, "revenue": 127310}, {"ein": "471303599", "name": "SOUTH NASSAU COMMUNITIES HOSPITAL", "city": "OCEANSIDE", "state": "NY", "zip": "11572-1551", "ntee": "E30", "ruling": "201001", "deductibility": "1", "assets": 0, "income": 0, "revenue": 0}, {"ein": "471545515", "name": "SOUTH NASSAU COMMUNITIES HOSPITAL", "city": "OCEANSIDE", "state": "NY", "zip": "11572-1551", "ntee": "E30", "ruling": "201001", "deductibility": "2", "assets": 0, "income": 0, "revenue": 0}, {"ein": "471757744", "name": "CANCER CARE HOSPITAL & RESEARCH CENTER FOUNDATION", "city": "DIX HILLS", "state": "NY", "zip": "11746-7101", "ntee": "G30", "ruling": "201806", "deductibility": "1", "assets": 167738, "income": 927435, "revenue": 927435}, {"ein": "473763374", "name": "JONES MEMORIAL HOSPITAL FOUNDATION", "city": "WELLSVILLE", "state": "NY", "zip": "14895-1150", "ntee": "E11", "ruling": "201702", "deductibility": "1", "assets": 3531687, "income": 202754, "revenue": 194430}, {"ein": "474961193", "name": "SOUTH NASSAU COMMUNITIES HOSPITAL", "city": "OCEANSIDE", "state": "NY", "zip": "11572-0000", "ntee": "E30", "ruling": "201001", "deductibility": "2", "assets": 0, "income": 0, "revenue": 0}, {"ein": "475071498", "name": "SOUTH NASSAU COMMUNITIES HOSPITAL", "city": "OCEANSIDE", "state": "NY", "zip": "11572-0000", "ntee": "E30", "ruling": "201001", "deductibility": "1", "assets": 0, "income": 0, "revenue": 0}, {"ein": "510142294", "name": "LEWIS COUNTY GENERAL HOSPITAL AUXILIARY", "city": "LOWVILLE", "state": "NY", "zip": "13367-1229", "ntee": "E22I", "ruling": "197506", "deductibility": "1", "assets": 194461, "income": 130808, "revenue": 69509}, {"ein": "510217790", "name": "ST FRANCIS GUILD OF MOUNT ST MARYS HOSPITAL OF NIAGARA FALLS", "city": "LEWISTON", "state": "NY", "zip": "14092-1903", "ntee": "", "ruling": "194603", "deductibility": "1", "assets": 29413, "income": 18574, "revenue": 6993}, {"ein": "541031618", "name": "AMERICAN HOSPITAL OF PARIS FOUNDATI ON", "city": "NEW YORK", "state": "NY", "zip": "10022-5827", "ntee": "Q300", "ruling": "197606", "deductibility": "1", "assets": 27714389, "income": 10629734, "revenue": 873499}, {"ein": "616377057", "name": "INEZ SMITH TR UW FBO LITTLE FALLS HOSPITAL", "city": "ELMIRA", "state": "NY", "zip": "14902-1522", "ntee": "", "ruling": "000000", "deductibility": "0", "assets": 512288, "income": 207265, "revenue": 0}, {"ein": "770611240", "name": "GOOD SAMARITAN HOSPITAL FOUNDATION", "city": "WEST ISLIP", "state": "NY", "zip": "11795-4927", "ntee": "", "ruling": "194603", "deductibility": "1", "assets": 13622319, "income": 4948650, "revenue": 4605260}, {"ein": "800496512", "name": "NY PRESBYTERIAN HOSPITAL COLUMBIA UNIVERSITY MEDICAL CENTER NEW YORK", "city": "NEW YORK", "state": "NY", "zip": "10017-3140", "ntee": "Y44", "ruling": "201408", "deductibility": "2", "assets": 19529347, "income": 2906677, "revenue": 671879}, {"ein": "810600548", "name": "RIVER HOSPITAL INC", "city": "ALEX BAY", "state": "NY", "zip": "13607-1316", "ntee": "E20", "ruling": "200311", "deductibility": "1", "assets": 41090574, "income": 34174588, "revenue": 30674416}, {"ein": "810667395", "name": "BON SECOURS COMMUNITY HOSPITAL FOUNDATION", "city": "SUFFERN", "state": "NY", "zip": "10901-4812", "ntee": "E112", "ruling": "200504", "deductibility": "1", "assets": 1722472, "income": 75722, "revenue": 40235}, {"ein": "810995565", "name": "CUBA MEMORIAL HOSPITAL FOUNDATION INC", "city": "CUBA", "state": "NY", "zip": "14727-1317", "ntee": "T50", "ruling": "201603", "deductibility": "1", "assets": 0, "income": 0, "revenue": 0}, {"ein": "824404761", "name": "AMERICAN FRIENDS OF ASSUTA ASHDOD HOSPITAL INC", "city": "NEW YORK", "state": "NY", "zip": "10020-2352", "ntee": "T30", "ruling": "201809", "deductibility": "1", "assets": 238535, "income": 970995, "revenue": 970995}, {"ein": "843134268", "name": "MASSENA HOSPITAL INC", "city": "MASSENA", "state": "NY", "zip": "13662-1056", "ntee": "E22", "ruling": "202003", "deductibility": "1", "assets": 39876125, "income": 58989386, "revenue": 58989386}, {"ein": "863941325", "name": "GREENPOINT HOSPITAL SHELTER HOUSING DEVELOPMENT FUND CORPORATION", "city": "NEW YORK", "state": "NY", "zip": "10014-4810", "ntee": "P20", "ruling": "202111", "deductibility": "1", "assets": 0, "income": 0, "revenue": 0}, {"ein": "870765787", "name": "STATEN ISLAND UNIVERSITY HOSPITAL FOUNDATION", "city": "WESTBURY", "state": "NY", "zip": "11590-1740", "ntee": "E11", "ruling": "200608", "deductibility": "1", "assets": 33801548, "income": 9936520, "revenue": 9593305}, {"ein": "874774488", "name": "NYSNA RETIREE HEALTH TRUST FUND AT THE BROOKLYN HOSPITAL CENTER", "city": "NEW YORK", "state": "NY", "zip": "10001-2908", "ntee": "Y43", "ruling": "202404", "deductibility": "2", "assets": 567946, "income": 203578, "revenue": 203578}, {"ein": "874774733", "name": "MONTEFIORE NYACK HOSPITAL NYSNA RETIREE MEDICAL PLAN VEBA AND TRUS", "city": "NEW YORK", "state": "NY", "zip": "10001-2908", "ntee": "Y43", "ruling": "202404", "deductibility": "2", "assets": 317896, "income": 96249, "revenue": 96249}, {"ein": "920296998", "name": "BLUMBERG FAMILY SPINE HOSPITAL AND RESEARCH CENTER", "city": "NEW YORK", "state": "NY", "zip": "10028-0090", "ntee": "H12", "ruling": "202408", "deductibility": "1", "assets": 0, "income": 0, "revenue": 0}, {"ein": "923377271", "name": "PATRONS OF THE BAMBINO GESU CHILDRENS HOSPITAL INC", "city": "NEW YORK", "state": "NY", "zip": "10017-2702", "ntee": "E60", "ruling": "202309", "deductibility": "1", "assets": 129517, "income": 138030, "revenue": 138030}, {"ein": "926598818", "name": "COBLESKILL REGIONAL HOSPITAL TUW LOTTE KREPPEIN", "city": "ONEONTA", "state": "NY", "zip": "13820-2502", "ntee": "E20", "ruling": "202506", "deductibility": "1", "assets": 656791, "income": 154131, "revenue": 0}], "INDO": [{"ein": "050534488", "name": "HERRICKS INDO US COMMUNITY INC", "city": "NEW HYDE PARK", "state": "NY", "zip": "11040-2208", "ntee": "P84", "ruling": "200401", "deductibility": "1", "assets": 52911, "income": 0, "revenue": 0}, {"ein": "113450928", "name": "INDO AMERICAN CANCER ORGANIZATION", "city": "JERICHO", "state": "NY", "zip": "11753-1133", "ntee": "E12", "ruling": "199901", "deductibility": "1", "assets": 0, "income": 0, "revenue": 0}, {"ein": "133358601", "name": "INDO-AMERICAN EYE CARE SOCIETY INC", "city": "ROCHESTER", "state": "NY", "zip": "14618-2113", "ntee": "G41J", "ruling": "198608", "deductibility": "1", "assets": 9309915, "income": 963052, "revenue": 632862}, {"ein": "133615628", "name": "MANHATTAN INDO-PAK CHURCH OF THE NAZARENES", "city": "BRONX", "state": "NY", "zip": "10467-1517", "ntee": "", "ruling": "199301", "deductibility": "1", "assets": 0, "income": 0, "revenue": 0}, {"ein": "134015646", "name": "INDO-AMERICAN ARTS COUNCIL INC", "city": "NEW YORK", "state": "NY", "zip": "10016-6601", "ntee": "A23", "ruling": "199901", "deductibility": "1", "assets": 163467, "income": 303111, "revenue": 303111}, {"ein": "205752622", "name": "INDO-AMERICAN SENIOR CITIZEN CENTEROF NEW YORK INC", "city": "MANHASSET HL", "state": "NY", "zip": "11040-1125", "ntee": "P84", "ruling": "200707", "deductibility": "1", "assets": 685909, "income": 135412, "revenue": 135412}, {"ein": "208849162", "name": "INDO CARIBBEAN FEDERATION INC", "city": "RICHMOND HILL", "state": "NY", "zip": "11418-2922", "ntee": "P84", "ruling": "201510", "deductibility": "1", "assets": 1, "income": 35227, "revenue": 16839}, {"ein": "222881835", "name": "INDO AMERICAN EDUCATION FUND INC", "city": "FAIRPORT", "state": "NY", "zip": "14450-4619", "ntee": "", "ruling": "198808", "deductibility": "1", "assets": 0, "income": 0, "revenue": 0}, {"ein": "260777880", "name": "INDO AMERICAN SENIOR CITIZEN CARE FOUNDATION INC", "city": "SCHENECTADY", "state": "NY", "zip": "12309-1323", "ntee": "Q33", "ruling": "200801", "deductibility": "1", "assets": 1216368, "income": 143450, "revenue": 0}, {"ein": "261259762", "name": "INDO-PAKISTANI FELLOWSHIP", "city": "QUEENS", "state": "NY", "zip": "11372-3414", "ntee": "", "ruling": "195806", "deductibility": "1", "assets": 0, "income": 0, "revenue": 0}, {"ein": "262505580", "name": "BETHANY INDO CHURCH OF NEW YORK", "city": "WOODHAVEN", "state": "NY", "zip": "11368-0000", "ntee": "X20", "ruling": "201401", "deductibility": "1", "assets": 0, "income": 0, "revenue": 0}, {"ein": "271206902", "name": "INDO AMERICAN DEVELOPMENT AND HEALTH ORGANIZATION", "city": "FLUSHING", "state": "NY", "zip": "11367-3948", "ntee": "Q33", "ruling": "201010", "deductibility": "1", "assets": 0, "income": 0, "revenue": 0}, {"ein": "272848254", "name": "INDO-CARIBBEAN ALLIANCE", "city": "OZONE PARK", "state": "NY", "zip": "11417-3113", "ntee": "A23", "ruling": "201108", "deductibility": "1", "assets": 94108, "income": 27192, "revenue": 27192}, {"ein": "475075027", "name": "INDO AMERICAN HERITAGE FOUNDATION OF NY INC", "city": "FLORAL PARK", "state": "NY", "zip": "11004-1757", "ntee": "A84", "ruling": "201606", "deductibility": "1", "assets": 0, "income": 0, "revenue": 0}, {"ein": "810999477", "name": "INDO-CLASSICAL CONCEPTS INC", "city": "SCHENECTADY", "state": "NY", "zip": "12303-5168", "ntee": "A23", "ruling": "201612", "deductibility": "1", "assets": 0, "income": 0, "revenue": 0}, {"ein": "813541320", "name": "PAK INDO AMERICAN WOMEN ASSOCIATION INC", "city": "BROOKLYN", "state": "NY", "zip": "11230-2202", "ntee": "S81", "ruling": "201609", "deductibility": "1", "assets": 1, "income": 1, "revenue": 0}, {"ein": "823980991", "name": "SOUTH ASIAN AND INDO-CARIBBEAN BAR ASSOCIATION OF QUEENS INC", "city": "GLEN OAKS", "state": "NY", "zip": "11004-0169", "ntee": "S41", "ruling": "202202", "deductibility": "2", "assets": 0, "income": 0, "revenue": 0}, {"ein": "863419063", "name": "INDO AMERICAN COMMUNITY VOICE INC", "city": "OLD BETHPAGE", "state": "NY", "zip": "11804-1241", "ntee": "S20", "ruling": "202108", "deductibility": "1", "assets": 0, "income": 0, "revenue": 0}, {"ein": "934537557", "name": "INDO-PACIFIC PARTNERSHIP FOR PROSPERITY INC", "city": "NEW YORK", "state": "NY", "zip": "10022-8604", "ntee": "Q32", "ruling": "202404", "deductibility": "1", "assets": 0, "income": 0, "revenue": 0}], "MUSLIMS": [{"ein": "050552240", "name": "YOUNG MUSLIMS INC", "city": "JAMAICA", "state": "NY", "zip": "11432-4254", "ntee": "X40", "ruling": "200401", "deductibility": "1", "assets": 271272, "income": 775852, "revenue": 775852}, {"ein": "112895200", "name": "ANJUMANE MUHAMMADIA THE ISLAMIC ASSOC OF AFGANI MUSLIMS OF N AMER", "city": "WOODSIDE", "state": "NY", "zip": "11377-4452", "ntee": "", "ruling": "198810", "deductibility": "1", "assets": 0, "income": 0, "revenue": 0}, {"ein": "112928480", "name": "INTERNATIONAL MUSLIMS ORGANIZATION INC", "city": "FAR ROCKAWAY", "state": "NY", "zip": "11690-0872", "ntee": "", "ruling": "199203", "deductibility": "1", "assets": 0, "income": 0, "revenue": 0}, {"ein": "113006106", "name": "INSTITUTE FOR SOCIAL LEARNING & ADVANCEMENT OF MUSLIMS INC", "city": "RICHMOND HILL", "state": "NY", "zip": "11419-2219", "ntee": "", "ruling": "199108", "deductibility": "1", "assets": 0, "income": 0, "revenue": 0}, {"ein": "113514445", "name": "MUSLIMS ON LONG ISLAND INC", "city": "BETHPAGE", "state": "NY", "zip": "11714-3911", "ntee": "X40", "ruling": "200003", "deductibility": "1", "assets": 0, "income": 0, "revenue": 0}, {"ein": "205594400", "name": "MUSLIMS EMPLOYED IN CITYCORRECTIONS ASSOCIATION INC", "city": "EAST ELMHURST", "state": "NY", "zip": "11369-0535", "ntee": "T50", "ruling": "201807", "deductibility": "1", "assets": 0, "income": 0, "revenue": 0}, {"ein": "275456928", "name": "WNY MUSLIMS INC", "city": "AMHERST", "state": "NY", "zip": "14226-3208", "ntee": "X40", "ruling": "201311", "deductibility": "1", "assets": 0, "income": 0, "revenue": 0}, {"ein": "332366923", "name": "MUSLIMS FOR MUSLIMS INTERNATIONAL", "city": "KINGSTON", "state": "NY", "zip": "12401-6051", "ntee": "X99", "ruling": "202412", "deductibility": "1", "assets": 0, "income": 0, "revenue": 0}, {"ein": "452499775", "name": "ASSOCIATION OF MUSLIMS OF NORTH AMERICA", "city": "STATEN ISLAND", "state": "NY", "zip": "10304-1522", "ntee": "X40", "ruling": "201310", "deductibility": "1", "assets": 0, "income": 0, "revenue": 0}, {"ein": "455208652", "name": "ALL MUSLIMS CENTER", "city": "BRONX", "state": "NY", "zip": "10452-3413", "ntee": "X40", "ruling": "201603", "deductibility": "1", "assets": 0, "income": 0, "revenue": 0}, {"ein": "822712941", "name": "MUSLIMS GIVING BACK INC", "city": "BROOKLYN", "state": "NY", "zip": "11220-2601", "ntee": "K31", "ruling": "201903", "deductibility": "1", "assets": 752898, "income": 984975, "revenue": 984975}, {"ein": "872286450", "name": "MUSLIMS OF LONG ISLAND INC", "city": "SYOSSET", "state": "NY", "zip": "11791-6917", "ntee": "P99", "ruling": "202205", "deductibility": "1", "assets": 13215, "income": 36778, "revenue": 36778}, {"ein": "923301155", "name": "AMERICAN MUSLIMS OF SUFFOLK COUNTY NY INC", "city": "AMITYVILLE", "state": "NY", "zip": "11701-2748", "ntee": "P20", "ruling": "202406", "deductibility": "1", "assets": 0, "income": 0, "revenue": 0}], "WARWICK": [{"ein": "061126101", "name": "WARWICK VALLEY CHURCH OF THE NAZARENE", "city": "WARWICK", "state": "NY", "zip": "10990-2660", "ntee": "", "ruling": "196307", "deductibility": "1", "assets": 0, "income": 0, "revenue": 0}, {"ein": "061408538", "name": "ALTEVA OF WARWICK LLC VEBA TRUST", "city": "KINGSTON", "state": "NY", "zip": "12401-7004", "ntee": "Y43", "ruling": "201810", "deductibility": "2", "assets": 1244870, "income": 230558, "revenue": 54668}, {"ein": "061440555", "name": "WARWICK VALLEY ROD AND GUN CLUB INC", "city": "WARWICK", "state": "NY", "zip": "10990-0376", "ntee": "N61", "ruling": "200809", "deductibility": "2", "assets": 0, "income": 0, "revenue": 0}, {"ein": "061504632", "name": "WARWICK SAVINGS FOUNDATION", "city": "NEWBURGH", "state": "NY", "zip": "12550-0000", "ntee": "B82Z", "ruling": "199808", "deductibility": "1", "assets": 3761458, "income": 1097600, "revenue": 0}, {"ein": "061591091", "name": "WARWICK VALLEY CHORALE INC", "city": "WARWICK", "state": "NY", "zip": "10990-8309", "ntee": "A68", "ruling": "200110", "deductibility": "1", "assets": 0, "income": 0, "revenue": 0}, {"ein": "132928443", "name": "WARWICK COMMUNITY BANDWAGON INC", "city": "WARWICK", "state": "NY", "zip": "10990-1509", "ntee": "F21Z", "ruling": "197804", "deductibility": "1", "assets": 662258, "income": 430908, "revenue": 411205}, {"ein": "133576698", "name": "FRANCISCAN SYSTEM OF WARWICK INC", "city": "WARWICK", "state": "NY", "zip": "10990-1028", "ntee": "", "ruling": "194603", "deductibility": "1", "assets": 0, "income": 0, "revenue": 0}, {"ein": "133785469", "name": "WARWICK VALLEY QUILTERS GUILD INC", "city": "WARWICK", "state": "NY", "zip": "10990-0023", "ntee": "A99Z", "ruling": "199611", "deductibility": "1", "assets": 0, "income": 0, "revenue": 0}, {"ein": "141160370", "name": "WARWICK CEMETERY ASSOCIATION", "city": "WARWICK", "state": "NY", "zip": "10990-0001", "ntee": "Y50", "ruling": "201406", "deductibility": "1", "assets": 1230562, "income": 445104, "revenue": 267290}, {"ein": "141435090", "name": "WARWICK VALLEY COUNTRY CLUB INC", "city": "WARWICK", "state": "NY", "zip": "10990-1519", "ntee": "", "ruling": "197606", "deductibility": "2", "assets": 2192057, "income": 1267778, "revenue": 1200840}, {"ein": "141506519", "name": "WARWICK VALLEY HUMANE SOCIETY INC", "city": "WARWICK", "state": "NY", "zip": "10990-0000", "ntee": "D200", "ruling": "196805", "deductibility": "1", "assets": 758383, "income": 544204, "revenue": 544204}, {"ein": "141508066", "name": "WARWICK DAY CARE CENTER INC", "city": "WARWICK", "state": "NY", "zip": "10990-1035", "ntee": "P33Z", "ruling": "197106", "deductibility": "1", "assets": 403613, "income": 857992, "revenue": 857992}, {"ein": "141551147", "name": "WARWICK CONFERENCE CENTER INC", "city": "WARWICK", "state": "NY", "zip": "10990-0349", "ntee": "X20Z", "ruling": "196801", "deductibility": "1", "assets": 2742718, "income": 876270, "revenue": 876270}, {"ein": "141592569", "name": "WARWICK FIRE DEPARTMENT", "city": "WARWICK", "state": "NY", "zip": "10990-0031", "ntee": "M24", "ruling": "202507", "deductibility": "1", "assets": 79379, "income": 244809, "revenue": 244809}, {"ein": "141626364", "name": "WARWICK VALLEY CHAMBER OF COMMERCE INC", "city": "WARWICK", "state": "NY", "zip": "10990-1328", "ntee": "", "ruling": "199508", "deductibility": "2", "assets": 325835, "income": 399771, "revenue": 385991}, {"ein": "141742364", "name": "WARWICK SOCCER LEAGUE INC", "city": "WARWICK", "state": "NY", "zip": "10990-0140", "ntee": "N64Z", "ruling": "199201", "deductibility": "1", "assets": 197705, "income": 230445, "revenue": 214977}, {"ein": "141972807", "name": "BON SECOURS WARWICK HEALTH FOUNDATION", "city": "SUFFERN", "state": "NY", "zip": "10901-4812", "ntee": "", "ruling": "201108", "deductibility": "1", "assets": 1116267, "income": 155075, "revenue": 143190}, {"ein": "146022750", "name": "HISTORICAL SOCIETY OF THE TOWN OF WARWICK", "city": "WARWICK", "state": "NY", "zip": "10990-1327", "ntee": "A82Z", "ruling": "196102", "deductibility": "1", "assets": 2489291, "income": 276348, "revenue": 223193}, {"ein": "146023201", "name": "WARWICK UNITED METHODIST CHURCH", "city": "WARWICK", "state": "NY", "zip": "10990-1104", "ntee": "", "ruling": "197410", "deductibility": "1", "assets": 0, "income": 0, "revenue": 0}, {"ein": "261570940", "name": "WARWICK VALLEY YOUTH FOOTBALL & CHEERLEADING INC", "city": "WARWICK", "state": "NY", "zip": "10990-0048", "ntee": "N60", "ruling": "202203", "deductibility": "1", "assets": 44880, "income": 138660, "revenue": 138660}, {"ein": "263093066", "name": "WARWICK VALLEY LOCAL DEVELOPMENT CORPORATION", "city": "WARWICK", "state": "NY", "zip": "10990-0202", "ntee": "S22", "ruling": "201303", "deductibility": "1", "assets": 605251, "income": 55828, "revenue": 55828}, {"ein": "332411611", "name": "GOODWILL HOOK AND LADDER COMPANY NO 1 OF WARWICK ORANGE COUNTY NE", "city": "WARWICK", "state": "NY", "zip": "10990-0104", "ntee": "M24", "ruling": "202501", "deductibility": "1", "assets": 0, "income": 0, "revenue": 0}, {"ein": "450466022", "name": "WARWICK YOUTH LACROSSE CLUB INC", "city": "WARWICK", "state": "NY", "zip": "10990-0305", "ntee": "N80", "ruling": "200209", "deductibility": "1", "assets": 28975, "income": 86745, "revenue": 53822}, {"ein": "510173739", "name": "WARWICK COMMUNITY AMBULANCE SERVICE INC", "city": "WARWICK", "state": "NY", "zip": "10990-1803", "ntee": "E62Z", "ruling": "197601", "deductibility": "1", "assets": 4053695, "income": 1221418, "revenue": 1221418}, {"ein": "550893627", "name": "WARWICK ROLLER HOCKEY ASSOCIATION INC", "city": "PINE ISLAND", "state": "NY", "zip": "10969-0447", "ntee": "N68", "ruling": "200512", "deductibility": "1", "assets": 0, "income": 0, "revenue": 0}, {"ein": "821233733", "name": "WARWICK ADULT LEAGUE INC", "city": "WARWICK", "state": "NY", "zip": "10990-1405", "ntee": "N99", "ruling": "202401", "deductibility": "1", "assets": 0, "income": 0, "revenue": 0}, {"ein": "822321362", "name": "WARWICK VALLEY ROTARY FOUNDATION INC", "city": "WARWICK", "state": "NY", "zip": "10990-0121", "ntee": "P20", "ruling": "201803", "deductibility": "1", "assets": 11693, "income": 39335, "revenue": 22409}, {"ein": "822955344", "name": "WARWICK GIRLS LACROSSE INC", "city": "WARWICK", "state": "NY", "zip": "10990-2578", "ntee": "N99", "ruling": "201711", "deductibility": "1", "assets": 0, "income": 0, "revenue": 0}, {"ein": "844107294", "name": "RAYMOND HOSE COMPANY NO 2 OF WARWICK NEW YORK INC", "city": "WARWICK", "state": "NY", "zip": "10990-3215", "ntee": "M24", "ruling": "202409", "deductibility": "1", "assets": 0, "income": 0, "revenue": 0}, {"ein": "854221804", "name": "WARWICK AREA FARMWORKER ORGANIZATION", "city": "GOSHEN", "state": "NY", "zip": "10924-6034", "ntee": "P20", "ruling": "202001", "deductibility": "1", "assets": 44036, "income": 220317, "revenue": 220317}, {"ein": "873752764", "name": "WE THE PEOPLE WARWICK", "city": "WARWICK", "state": "NY", "zip": "10990-0585", "ntee": "S01", "ruling": "202210", "deductibility": "1", "assets": 0, "income": 0, "revenue": 0}, {"ein": "876390618", "name": "WARWICK GROVE FOUNDATION", "city": "MONSEY", "state": "NY", "zip": "10952-3055", "ntee": "T22", "ruling": "202111", "deductibility": "1", "assets": 485, "income": 3000, "revenue": 0}, {"ein": "933844627", "name": "WARWICK YOUTH BASKETBALL INC", "city": "WARWICK", "state": "NY", "zip": "10990-3544", "ntee": "N62", "ruling": "202405", "deductibility": "1", "assets": 66252, "income": 70571, "revenue": 70571}, {"ein": "933884923", "name": "IMPACT WARWICK INC", "city": "WARWICK", "state": "NY", "zip": "10990-2461", "ntee": "S12", "ruling": "202310", "deductibility": "1", "assets": 27383, "income": 98351, "revenue": 98351}, {"ein": "994512241", "name": "WARWICK FIRE POLICE OF WARWICK NEW YORK INC", "city": "WARWICK", "state": "NY", "zip": "10990-0155", "ntee": "M24", "ruling": "202408", "deductibility": "1", "assets": 0, "income": 0, "revenue": 0}], "GMACH": [{"ein": "061505740", "name": "GMACH KAREN ELYE DAVID INC", "city": "MONROE", "state": "NY", "zip": "10950-3800", "ntee": "X30Z", "ruling": "199804", "deductibility": "1", "assets": 0, "income": 0, "revenue": 0}, {"ein": "061702350", "name": "CONG GMACH MORDCHE VCHAVE INC", "city": "MONSEY", "state": "NY", "zip": "10952-1868", "ntee": "X30", "ruling": "200408", "deductibility": "1", "assets": 0, "income": 0, "revenue": 0}, {"ein": "112633106", "name": "GMACH YITZCHOK BORUCH & ESTHER INC", "city": "BROOKLYN", "state": "NY", "zip": "11211-6702", "ntee": "", "ruling": "198305", "deductibility": "1", "assets": 0, "income": 0, "revenue": 0}, {"ein": "112816512", "name": "GMACH CHASDEI SHIMON VTZIPORAH", "city": "BROOKLYN", "state": "NY", "zip": "11204-1213", "ntee": "", "ruling": "198609", "deductibility": "1", "assets": 0, "income": 0, "revenue": 0}, {"ein": "112866216", "name": "GMACH OF KAP", "city": "BROOKLYN", "state": "NY", "zip": "11211-8003", "ntee": "", "ruling": "198707", "deductibility": "1", "assets": 0, "income": 0, "revenue": 0}, {"ein": "113088198", "name": "GMACH TOLDOS YAKOV YOSES", "city": "BROOKLYN", "state": "NY", "zip": "11210-3714", "ntee": "", "ruling": "199202", "deductibility": "1", "assets": 0, "income": 0, "revenue": 0}, {"ein": "113238533", "name": "CONGREGATION GMACH V TZEDOKA INC", "city": "BROOKLYN", "state": "NY", "zip": "11210-3714", "ntee": "X30Z", "ruling": "199501", "deductibility": "1", "assets": 0, "income": 0, "revenue": 0}, {"ein": "113263048", "name": "CONGREGATION AND GMACH ZICHRON SCHLOMO INC", "city": "BROOKLYN", "state": "NY", "zip": "11204-1482", "ntee": "X30Z", "ruling": "199610", "deductibility": "1", "assets": 0, "income": 0, "revenue": 0}, {"ein": "113404986", "name": "GMACH MASHMIA SHALOM", "city": "BROOKLYN", "state": "NY", "zip": "11211-6191", "ntee": "X30", "ruling": "200103", "deductibility": "1", "assets": 0, "income": 0, "revenue": 0}, {"ein": "113434619", "name": "CONGREGATION & GMACH TOMCHEI TORAH", "city": "BROOKLYN", "state": "NY", "zip": "11204-1050", "ntee": "X30Z", "ruling": "199807", "deductibility": "1", "assets": 0, "income": 0, "revenue": 0}, {"ein": "113505915", "name": "CONGREGATION GMACH DIVREI CHAIM ZMIGROD", "city": "BROOKLYN", "state": "NY", "zip": "11219-1300", "ntee": "X30", "ruling": "199911", "deductibility": "1", "assets": 0, "income": 0, "revenue": 0}, {"ein": "113506872", "name": "CONG & GMACH SHARIE SIMCHA", "city": "BROOKLYN", "state": "NY", "zip": "11219-3919", "ntee": "X30", "ruling": "199911", "deductibility": "1", "assets": 0, "income": 0, "revenue": 0}, {"ein": "113587024", "name": "GMACH CHEMED SHLOMO TENKA", "city": "BROOKLYN", "state": "NY", "zip": "11219-2520", "ntee": "X30", "ruling": "200108", "deductibility": "1", "assets": 0, "income": 0, "revenue": 0}, {"ein": "113613201", "name": "GMACH ZICHRON YAAKOV MORDECHAI", "city": "BROOKLYN", "state": "NY", "zip": "11219-2635", "ntee": "P51", "ruling": "200202", "deductibility": "1", "assets": 0, "income": 0, "revenue": 0}, {"ein": "133337372", "name": "GMACH BETH JOEL", "city": "SPRING VALLEY", "state": "NY", "zip": "10977-2117", "ntee": "", "ruling": "198606", "deductibility": "1", "assets": 0, "income": 0, "revenue": 0}, {"ein": "133350770", "name": "CONGREGATION & GMACH ZICHRON SHLOMO", "city": "BROOKLYN", "state": "NY", "zip": "11204-1404", "ntee": "", "ruling": "198607", "deductibility": "1", "assets": 0, "income": 0, "revenue": 0}, {"ein": "133956173", "name": "KAJMO GMACH INC", "city": "MONSEY", "state": "NY", "zip": "10952-2126", "ntee": "X99Z", "ruling": "199804", "deductibility": "1", "assets": 0, "income": 0, "revenue": 0}, {"ein": "273276053", "name": "GMACH CHASDEI UVOIS LTD", "city": "BROOKLYN", "state": "NY", "zip": "11204-2112", "ntee": "T20", "ruling": "201205", "deductibility": "1", "assets": 21456, "income": 1, "revenue": 0}, {"ein": "454083511", "name": "GMACH HATZOLOH OF ROCKLAND COUNTY", "city": "MONSEY", "state": "NY", "zip": "10952-3002", "ntee": "T31", "ruling": "201302", "deductibility": "1", "assets": 109629, "income": 130120, "revenue": 130120}, {"ein": "510477063", "name": "GMACH HINDA ESTHER BAS REB AKIVA", "city": "BROOKLYN", "state": "NY", "zip": "11230-1112", "ntee": "X30", "ruling": "200911", "deductibility": "1", "assets": 0, "income": 0, "revenue": 0}, {"ein": "522173116", "name": "MOSKOWITZ FAMILY GMACH", "city": "BROOKLYN", "state": "NY", "zip": "11219-1522", "ntee": "X30", "ruling": "200306", "deductibility": "1", "assets": 0, "income": 0, "revenue": 0}, {"ein": "830385577", "name": "CONGREGATION GMACH YAKOV KOPEL INC", "city": "MONSEY", "state": "NY", "zip": "10952-0433", "ntee": "X30", "ruling": "200407", "deductibility": "1", "assets": 0, "income": 0, "revenue": 0}, {"ein": "842867336", "name": "NCO GMACH INC", "city": "BROOKLYN", "state": "NY", "zip": "11225-1665", "ntee": "X30", "ruling": "201909", "deductibility": "1", "assets": 0, "income": 0, "revenue": 0}, {"ein": "881665543", "name": "GMACH LEV BRUCHA", "city": "BROOKLYN", "state": "NY", "zip": "11219-2332", "ntee": "X30", "ruling": "202408", "deductibility": "1", "assets": 0, "income": 0, "revenue": 0}], "DISCIPLES": [{"ein": "061519886", "name": "THE DISCIPLES OF JESUS CLUB INC", "city": "BRONX", "state": "NY", "zip": "10451-4316", "ntee": "P30", "ruling": "202010", "deductibility": "1", "assets": 0, "income": 0, "revenue": 0}, {"ein": "112369446", "name": "THE ROSE OF SHARON CHURCH OF CHRIST DISCIPLES OF CHRIST INC", "city": "BROOKLYN", "state": "NY", "zip": "11206-0485", "ntee": "", "ruling": "199111", "deductibility": "1", "assets": 0, "income": 0, "revenue": 0}, {"ein": "112843831", "name": "ST PAUL CHURCH OF CHRIST DISCIPLES OF CHRIST INC", "city": "BROOKLYN", "state": "NY", "zip": "11221-1201", "ntee": "X20", "ruling": "201408", "deductibility": "1", "assets": 0, "income": 0, "revenue": 0}, {"ein": "113020866", "name": "NEW JERUSALEM HOLY TEMPLE CHURCH OF CHRIST DISCIPLES OF CHRIST", "city": "BROOKLYN", "state": "NY", "zip": "11213-3130", "ntee": "", "ruling": "199210", "deductibility": "1", "assets": 0, "income": 0, "revenue": 0}, {"ein": "113081638", "name": "NEW GENERATION CHURCH OF CHRIST DISCIPLES OF CHRIST INC", "city": "HEMPTEAF", "state": "NY", "zip": "11550-0000", "ntee": "", "ruling": "199111", "deductibility": "1", "assets": 0, "income": 0, "revenue": 0}, {"ein": "113181799", "name": "MT HEBRON CHURCH OF CHRIST DISCIPLES OF CHRIST INC", "city": "BROOKLYN", "state": "NY", "zip": "11212-5642", "ntee": "X21", "ruling": "200207", "deductibility": "1", "assets": 0, "income": 0, "revenue": 0}, {"ein": "113307784", "name": "NEW JERUSALEM CHURCH OF CHRIST DISCIPLES OF CHRIST INC", "city": "UNIONDALE", "state": "NY", "zip": "11553-3133", "ntee": "", "ruling": "199702", "deductibility": "1", "assets": 0, "income": 0, "revenue": 0}, {"ein": "113353748", "name": "DISCIPLES CHURCH OF NEW YORK INC", "city": "FLUSHING", "state": "NY", "zip": "11355-2348", "ntee": "X20Z", "ruling": "199705", "deductibility": "1", "assets": 0, "income": 0, "revenue": 0}, {"ein": "113617398", "name": "BEAUTIFUL DISCIPLES CHURCH OF N Y", "city": "LITTLE NECK", "state": "NY", "zip": "11362-1340", "ntee": "X222", "ruling": "200204", "deductibility": "1", "assets": 0, "income": 0, "revenue": 0}, {"ein": "132887755", "name": "HOLY CHURCH OF CHRIST DISCIPLES OF BUFFALO NY", "city": "BUFFALO", "state": "NY", "zip": "14208-1830", "ntee": "", "ruling": "197704", "deductibility": "1", "assets": 0, "income": 0, "revenue": 0}, {"ein": "132911379", "name": "SHILOH CHURCH OF CHRIST DISCIPLES OF CHRIST INC", "city": "NEW YORK", "state": "NY", "zip": "10027-3102", "ntee": "", "ruling": "196604", "deductibility": "1", "assets": 0, "income": 0, "revenue": 0}, {"ein": "133728958", "name": "FAITH MIRACLE TEMPLE OF LOVE DISCIPLES OF CHRIST WORLDWIDE", "city": "MT VERNON", "state": "NY", "zip": "10550-3911", "ntee": "", "ruling": "199404", "deductibility": "1", "assets": 0, "income": 0, "revenue": 0}, {"ein": "134128504", "name": "JESUS DISCIPLES PRAYER MINESTRY", "city": "STATEN ISLAND", "state": "NY", "zip": "10304-0413", "ntee": "X21", "ruling": "200209", "deductibility": "1", "assets": 0, "income": 0, "revenue": 0}, {"ein": "141460004", "name": "CHRISTIAN CHURCH DISCIPLES OF CHRIST-NORTHEASTERN REGION", "city": "BROOKLYN", "state": "NY", "zip": "11221-1303", "ntee": "", "ruling": "195105", "deductibility": "1", "assets": 0, "income": 0, "revenue": 0}, {"ein": "141767656", "name": "NEW BEGINNERS CHURCH OF CHRIST DISCIPLES OF CHRIST INC", "city": "NEWBURGH", "state": "NY", "zip": "12551-0892", "ntee": "X20", "ruling": "200104", "deductibility": "1", "assets": 0, "income": 0, "revenue": 0}, {"ein": "146027335", "name": "CHRISTIAN CHURCH DISCIPLES", "city": "TROY", "state": "NY", "zip": "12180-7132", "ntee": "", "ruling": "195105", "deductibility": "1", "assets": 0, "income": 0, "revenue": 0}, {"ein": "160864486", "name": "CHAUTAUQUA ASSOCIATION OF THE DISCIPLES OF CHRIST", "city": "CHAUTAUQUA", "state": "NY", "zip": "14722-1019", "ntee": "", "ruling": "195105", "deductibility": "1", "assets": 0, "income": 0, "revenue": 0}, {"ein": "161386792", "name": "JESUS DISCIPLES HOUSE OF PRAYER INC", "city": "ROCHESTER", "state": "NY", "zip": "14605-2825", "ntee": "", "ruling": "199305", "deductibility": "1", "assets": 0, "income": 0, "revenue": 0}, {"ein": "161500408", "name": "TRUE DISCIPLES OF JESUS CHRIST ASSEMBLIES OF GOD", "city": "BUFFALO", "state": "NY", "zip": "14213-1450", "ntee": "", "ruling": "196408", "deductibility": "1", "assets": 0, "income": 0, "revenue": 0}, {"ein": "161518388", "name": "TRUE DISCIPLES OF JESUS CHRIST INTERNATIONAL UNITED COUNCIL OF", "city": "BUFFALO", "state": "NY", "zip": "14222-1523", "ntee": "X20Z", "ruling": "199801", "deductibility": "1", "assets": 0, "income": 0, "revenue": 0}, {"ein": "208144855", "name": "CHRIST DISCIPLES INTERNATIONALMINISTRIES INCORPORATED", "city": "BRONX", "state": "NY", "zip": "10467-0000", "ntee": "X20", "ruling": "201009", "deductibility": "1", "assets": 307062, "income": 1954605, "revenue": 1954605}, {"ein": "237044882", "name": "FIRST CHURCH OF CHRIST DISCIPLES INC", "city": "BROOKLYN", "state": "NY", "zip": "11231-1248", "ntee": "", "ruling": "197002", "deductibility": "1", "assets": 0, "income": 0, "revenue": 0}, {"ein": "237048161", "name": "APOSTLES AND DISCIPLES OF THE MODTHER OF GOD INC", "city": "CHURUBUSCO", "state": "NY", "zip": "12923-0000", "ntee": "", "ruling": "196912", "deductibility": "2", "assets": 0, "income": 0, "revenue": 0}, {"ein": "270612847", "name": "INTERNATIONAL MINISTRY GO MAKE DISCIPLES", "city": "JAMAICA", "state": "NY", "zip": "11436-1115", "ntee": "Q33", "ruling": "201101", "deductibility": "1", "assets": 0, "income": 0, "revenue": 0}, {"ein": "331146179", "name": "DISCIPLES OF CHRIST MINISTRIES INC", "city": "BRONX", "state": "NY", "zip": "10457-2167", "ntee": "X21", "ruling": "201506", "deductibility": "1", "assets": 0, "income": 0, "revenue": 0}, {"ein": "460773041", "name": "DISCIPLES OF CHRIST MINISTRY", "city": "STATEN ISLAND", "state": "NY", "zip": "10314-6311", "ntee": "X20", "ruling": "196402", "deductibility": "1", "assets": 0, "income": 0, "revenue": 0}, {"ein": "462568861", "name": "DISCIPLES CHURCH", "city": "FLUSHING", "state": "NY", "zip": "11358-0000", "ntee": "X21", "ruling": "201312", "deductibility": "1", "assets": 0, "income": 0, "revenue": 0}, {"ein": "471337792", "name": "RCCGNA SCHOOL OF DISCIPLES", "city": "AMITYVILLE", "state": "NY", "zip": "11701-2121", "ntee": "B30", "ruling": "201504", "deductibility": "1", "assets": 107329, "income": 184914, "revenue": 184914}, {"ein": "471458455", "name": "DISCIPLES NYC COVENANT CHURCH QUEENS NY", "city": "HICKSVILLE", "state": "NY", "zip": "11802-0562", "ntee": "", "ruling": "197507", "deductibility": "1", "assets": 0, "income": 0, "revenue": 0}, {"ein": "472459545", "name": "BATTLEFIELD DISCIPLES MINISTRIES INC", "city": "AMHERST", "state": "NY", "zip": "14226-4627", "ntee": "X12", "ruling": "201506", "deductibility": "1", "assets": 0, "income": 0, "revenue": 0}, {"ein": "474687289", "name": "DISCIPLES OF DIVINE MERCY IN THE HOLY FACE OF JESUS", "city": "ORCHARD PARK", "state": "NY", "zip": "14127-3364", "ntee": "X99", "ruling": "201510", "deductibility": "1", "assets": 705881, "income": 89415, "revenue": 82254}, {"ein": "522370092", "name": "JEHOVAH JIREH CHURCH OF CHRIST DISCIPLES OF CHRIST INC", "city": "NEWBURGH", "state": "NY", "zip": "12551-1331", "ntee": "X20", "ruling": "201807", "deductibility": "1", "assets": 0, "income": 0, "revenue": 0}, {"ein": "562387742", "name": "PHILIPPINE DISCIPLES OF MARY INC", "city": "SCARSDALE", "state": "NY", "zip": "10583-6950", "ntee": "X20", "ruling": "200612", "deductibility": "1", "assets": 1304972, "income": 1187706, "revenue": 1187706}, {"ein": "800234437", "name": "BETHEL CHRISTIAN CHURCH DISCIPLES OF CHRIST INC", "city": "BROOKLYN", "state": "NY", "zip": "11210-2730", "ntee": "X21", "ruling": "195105", "deductibility": "1", "assets": 347217, "income": 64981, "revenue": 64981}, {"ein": "821823836", "name": "DISCIPLES MAKING CHURCH", "city": "NEW HYDE PARK", "state": "NY", "zip": "11040-2734", "ntee": "X20", "ruling": "201804", "deductibility": "1", "assets": 0, "income": 0, "revenue": 0}, {"ein": "834264389", "name": "MISSION OF EVANGELISM FOR DISCIPLES OF CHRIST INC", "city": "DEWITTVILLE", "state": "NY", "zip": "14728-0133", "ntee": "X20", "ruling": "201904", "deductibility": "1", "assets": 29027, "income": 140096, "revenue": 140096}, {"ein": "852777165", "name": "THE DISCIPLES OF GALILEE INC", "city": "THE BRONX", "state": "NY", "zip": "10473-0000", "ntee": "X19", "ruling": "202203", "deductibility": "1", "assets": 0, "income": 0, "revenue": 0}, {"ein": "861109136", "name": "BIBLE SPEAKS CHURCH OF CHRIST DISCIPLES OF CHRIST", "city": "BROOKLYN", "state": "NY", "zip": "11203-5919", "ntee": "X21", "ruling": "200511", "deductibility": "2", "assets": 0, "income": 0, "revenue": 0}, {"ein": "863962821", "name": "LES DISCIPLES DE JESUS OF QUEENS NY", "city": "SAINT ALBANS", "state": "NY", "zip": "11412-2820", "ntee": "X22", "ruling": "202111", "deductibility": "1", "assets": 1, "income": 101600, "revenue": 0}, {"ein": "900077858", "name": "HOUSE OF DISCIPLES CHURCH OF JESUS MINISTRIES", "city": "SYRACUSE", "state": "NY", "zip": "13205-3113", "ntee": "X21", "ruling": "200401", "deductibility": "1", "assets": 0, "income": 0, "revenue": 0}], "SANT": [{"ein": "061524442", "name": "GURDWARA SANT SAGAR INC", "city": "BELLEROSE", "state": "NY", "zip": "11426-1151", "ntee": "X70", "ruling": "199906", "deductibility": "1", "assets": 0, "income": 0, "revenue": 0}, {"ein": "205156571", "name": "GURDWARA SANT MAJHA SINGH KARAMJOTSIKH CENTER", "city": "S OZONE PARK", "state": "NY", "zip": "11420-1814", "ntee": "X70", "ruling": "200807", "deductibility": "1", "assets": 0, "income": 0, "revenue": 0}, {"ein": "830569931", "name": "SANT BABA PREM SINGH SIKH CULTURAL SOCIETY OF NY USA", "city": "LEVITTOWN", "state": "NY", "zip": "11756-2611", "ntee": "A23", "ruling": "202402", "deductibility": "1", "assets": 0, "income": 0, "revenue": 0}, {"ein": "843566039", "name": "SANT EGIDIO FOUNDATION FOR PEACE AND DIALOGUE INC", "city": "NEW YORK", "state": "NY", "zip": "10027-2381", "ntee": "", "ruling": "201910", "deductibility": "1", "assets": 79361, "income": 327112, "revenue": 0}], "DIMENNA": [{"ein": "061534269", "name": "THE DIMENNA FOUNDATION INC", "city": "SOUTHAMPTON", "state": "NY", "zip": "11968-5810", "ntee": "B12", "ruling": "200007", "deductibility": "1", "assets": 11901983, "income": 1064058, "revenue": 0}], "ELIEZER": [{"ein": "061611089", "name": "CHASDEI MOSHE V ELIEZER V ESTHER", "city": "BROOKLYN", "state": "NY", "zip": "11211-8139", "ntee": "X21", "ruling": "200205", "deductibility": "1", "assets": 0, "income": 0, "revenue": 0}, {"ein": "112369718", "name": "CONGREGATION ZICHRON RABBI ELIEZER MESKIN", "city": "BKLYN", "state": "NY", "zip": "11213-5424", "ntee": "", "ruling": "197601", "deductibility": "1", "assets": 0, "income": 0, "revenue": 0}, {"ein": "112436145", "name": "KIRYAT ELIEZER C O O ABRAHAM CPA", "city": "BROOKLYN", "state": "NY", "zip": "11219-3956", "ntee": "", "ruling": "197710", "deductibility": "1", "assets": 0, "income": 0, "revenue": 0}, {"ein": "112502919", "name": "YESHIVAS WIZNITZ BETH ISRAEL V DAMESEK ELIEZER", "city": "BROOKLYN", "state": "NY", "zip": "11204-1425", "ntee": "", "ruling": "197908", "deductibility": "1", "assets": 0, "income": 0, "revenue": 0}, {"ein": "112823386", "name": "CONGREGATION ZICRON ELIEZER", "city": "BROOKLYN", "state": "NY", "zip": "11204-1322", "ntee": "", "ruling": "198701", "deductibility": "1", "assets": 0, "income": 0, "revenue": 0}, {"ein": "112829030", "name": "KOLEL DAMSEK ELIEZER INC", "city": "BROOKLYN", "state": "NY", "zip": "11201-1076", "ntee": "P60Z", "ruling": "198706", "deductibility": "1", "assets": 4540370, "income": 745267, "revenue": 527887}, {"ein": "112889955", "name": "CONGREGATION BNEI ELIEZER", "city": "BROOKLYN", "state": "NY", "zip": "11219-4533", "ntee": "X30", "ruling": "200105", "deductibility": "1", "assets": 0, "income": 0, "revenue": 0}, {"ein": "113061738", "name": "CONGREGATION DAMESEK ELIEZER BETH TORAH", "city": "BROOKLYN", "state": "NY", "zip": "11230-2619", "ntee": "", "ruling": "199108", "deductibility": "1", "assets": 0, "income": 0, "revenue": 0}, {"ein": "113093118", "name": "CONGREGATION ZICHRON ELIEZER & MIRIAM", "city": "BROOKLYN", "state": "NY", "zip": "11219-2724", "ntee": "", "ruling": "199203", "deductibility": "1", "assets": 0, "income": 0, "revenue": 0}, {"ein": "113133342", "name": "TIFERES BNAI ELIEZER INC", "city": "W HEMPSTEAD", "state": "NY", "zip": "11552-3238", "ntee": "", "ruling": "199307", "deductibility": "1", "assets": 0, "income": 0, "revenue": 0}, {"ein": "113221335", "name": "KOLEL ELIEZER ELIMELECH", "city": "BROOKLYN", "state": "NY", "zip": "11213-4926", "ntee": "", "ruling": "199408", "deductibility": "1", "assets": 0, "income": 0, "revenue": 0}, {"ein": "113236669", "name": "CONGREGATION ZICHRON ELIEZER", "city": "BROOKLYN", "state": "NY", "zip": "11230-6505", "ntee": "Z99Z", "ruling": "199501", "deductibility": "1", "assets": 0, "income": 0, "revenue": 0}, {"ein": "113317644", "name": "CONG DIVREI ELIEZER", "city": "BROOKLYN", "state": "NY", "zip": "11206-8069", "ntee": "X30Z", "ruling": "199711", "deductibility": "1", "assets": 0, "income": 0, "revenue": 0}, {"ein": "113338212", "name": "WMSBG-KOLEL DAMESEK ELIEZER INC", "city": "BROOKLYN", "state": "NY", "zip": "11201-1076", "ntee": "X30Z", "ruling": "199701", "deductibility": "1", "assets": 0, "income": 0, "revenue": 0}, {"ein": "113419055", "name": "CONGREGATION BETH KLONIMUS ELIEZER OF BUENOS AIRES", "city": "BROOKLYN", "state": "NY", "zip": "11211-8036", "ntee": "X30", "ruling": "200012", "deductibility": "1", "assets": 0, "income": 0, "revenue": 0}, {"ein": "113483578", "name": "ADIR ELIEZER", "city": "FAR ROCKAWAY", "state": "NY", "zip": "11691-5206", "ntee": "X30", "ruling": "199907", "deductibility": "1", "assets": 0, "income": 0, "revenue": 0}, {"ein": "113518718", "name": "CHESED BINYAMIN ELIEZER", "city": "BROOKLYN", "state": "NY", "zip": "11205-1610", "ntee": "X30", "ruling": "200002", "deductibility": "1", "assets": 0, "income": 0, "revenue": 0}, {"ein": "113519979", "name": "BEIS ELIEZER", "city": "SUFFERN", "state": "NY", "zip": "10901-4157", "ntee": "X30", "ruling": "200001", "deductibility": "1", "assets": 0, "income": 0, "revenue": 0}, {"ein": "133651009", "name": "KEHILAT ORACH ELIEZER", "city": "NEW YORK", "state": "NY", "zip": "10025-0000", "ntee": "X30", "ruling": "199901", "deductibility": "1", "assets": 0, "income": 0, "revenue": 0}, {"ein": "133878243", "name": "CONGREGATION BAIS ZICHRON ELIEZER INC", "city": "MONSEY", "state": "NY", "zip": "10952-8252", "ntee": "X99Z", "ruling": "199704", "deductibility": "1", "assets": 0, "income": 0, "revenue": 0}, {"ein": "134171562", "name": "CONGREGATION ZICHRON ELIEZER AL SHEM ELIEZER BEN SHOLEM INC", "city": "BROOKLYN", "state": "NY", "zip": "11211-0166", "ntee": "X30", "ruling": "200108", "deductibility": "1", "assets": 0, "income": 0, "revenue": 0}, {"ein": "134176119", "name": "CONGREGATION BETH ELIEZER INC", "city": "MONSEY", "state": "NY", "zip": "10952-8250", "ntee": "X30", "ruling": "200205", "deductibility": "1", "assets": 0, "income": 0, "revenue": 0}, {"ein": "141691488", "name": "BETH ELIEZER", "city": "BROOKLYN", "state": "NY", "zip": "11211-8003", "ntee": "", "ruling": "199104", "deductibility": "1", "assets": 0, "income": 0, "revenue": 0}, {"ein": "205316703", "name": "CONG NOAM ELIEZER SKULEN", "city": "SPRING VALLEY", "state": "NY", "zip": "10977-2544", "ntee": "Q30", "ruling": "201005", "deductibility": "1", "assets": 0, "income": 0, "revenue": 0}, {"ein": "208005103", "name": "AMERICAN FRIENDS OF YAD ELIEZER-BEIT SHEMESH INC", "city": "BROOKLYN", "state": "NY", "zip": "11214-2556", "ntee": "T12", "ruling": "200801", "deductibility": "1", "assets": 1713, "income": 286296, "revenue": 286296}, {"ein": "263667895", "name": "MACHON PIRCHEI ELIEZER INC", "city": "LAWRENCE", "state": "NY", "zip": "11559-1727", "ntee": "X30", "ruling": "201005", "deductibility": "1", "assets": 0, "income": 0, "revenue": 0}, {"ein": "272175863", "name": "CONGREGATION ELIEZER ZISYA", "city": "BROOKLYN", "state": "NY", "zip": "11219-2401", "ntee": "X30", "ruling": "201103", "deductibility": "1", "assets": 0, "income": 0, "revenue": 0}, {"ein": "311631065", "name": "ZICHRON ELIEZER", "city": "MONSEY", "state": "NY", "zip": "10952-2736", "ntee": "X20", "ruling": "199902", "deductibility": "1", "assets": 0, "income": 0, "revenue": 0}, {"ein": "311770733", "name": "CONG SHAAREI ELIEZER TORNA INC", "city": "BROOKLYN", "state": "NY", "zip": "11210-4137", "ntee": "X30", "ruling": "200110", "deductibility": "1", "assets": 0, "income": 0, "revenue": 0}, {"ein": "331406090", "name": "ELIEZER ZISYA INC", "city": "BROOKLYN", "state": "NY", "zip": "11222-0000", "ntee": "X30", "ruling": "202506", "deductibility": "1", "assets": 0, "income": 0, "revenue": 0}, {"ein": "334513759", "name": "CONG MINCHAS ELIEZER INC", "city": "BROOKLYN", "state": "NY", "zip": "11219-3769", "ntee": "X30", "ruling": "202505", "deductibility": "1", "assets": 0, "income": 0, "revenue": 0}, {"ein": "454093260", "name": "YESHIVA NER ELIEZER", "city": "BROOKLYN", "state": "NY", "zip": "11223-2321", "ntee": "X30", "ruling": "202308", "deductibility": "1", "assets": 5625, "income": 117918, "revenue": 117918}, {"ein": "454844034", "name": "PARDES ELIEZER INC", "city": "BROOKLYN", "state": "NY", "zip": "11211-0000", "ntee": "X30", "ruling": "201309", "deductibility": "1", "assets": 0, "income": 0, "revenue": 0}, {"ein": "475617569", "name": "KEREN DOVID ELIEZER INC", "city": "BROOKLYN", "state": "NY", "zip": "11229-1520", "ntee": "T20", "ruling": "201608", "deductibility": "1", "assets": 2003, "income": 7300, "revenue": 0}, {"ein": "821899168", "name": "CONG DAMESEK ELIEZER DSTRELISK INC", "city": "BROOKLYN", "state": "NY", "zip": "11211-8511", "ntee": "X30", "ruling": "201709", "deductibility": "1", "assets": 0, "income": 0, "revenue": 0}, {"ein": "824911272", "name": "CHASDEI AVROHOM ELIEZER INC", "city": "BROOKLYN", "state": "NY", "zip": "11213-5244", "ntee": "P20", "ruling": "201811", "deductibility": "1", "assets": 46880, "income": 136287, "revenue": 136287}, {"ein": "844570882", "name": "CONG BIRKAS ELIEZER SERET WIZNITZ INC", "city": "BROOKLYN", "state": "NY", "zip": "11211-8031", "ntee": "X30", "ruling": "202201", "deductibility": "1", "assets": 0, "income": 0, "revenue": 0}, {"ein": "853740422", "name": "ZICHRON SHMUEL ELIEZER", "city": "PEARL RIVER", "state": "NY", "zip": "10965-1539", "ntee": "X30", "ruling": "202108", "deductibility": "1", "assets": 0, "income": 0, "revenue": 0}, {"ein": "861811662", "name": "CONGREGATION MISHKAN ELIEZER", "city": "MONSEY", "state": "NY", "zip": "10952-2800", "ntee": "X30", "ruling": "202202", "deductibility": "1", "assets": 0, "income": 0, "revenue": 0}, {"ein": "873467861", "name": "YAD ELIEZER USA INC", "city": "BROOKLYN", "state": "NY", "zip": "11219-3157", "ntee": "P12", "ruling": "202207", "deductibility": "1", "assets": 399091, "income": 13055396, "revenue": 13055396}, {"ein": "881070638", "name": "CONG BEIS ELIEZER", "city": "BROOKLYN", "state": "NY", "zip": "11249-7899", "ntee": "X30", "ruling": "202210", "deductibility": "1", "assets": 0, "income": 0, "revenue": 0}, {"ein": "881659120", "name": "ELIEZER CARES INTERNATIONAL INCORPORATED", "city": "BALDWIN", "state": "NY", "zip": "11510-4068", "ntee": "X20", "ruling": "202412", "deductibility": "1", "assets": 0, "income": 0, "revenue": 0}, {"ein": "933022768", "name": "CONGREGATION DAMESEK ELIEZER DZIDISHOIV", "city": "MONSEY", "state": "NY", "zip": "10952-2911", "ntee": "X30", "ruling": "202403", "deductibility": "1", "assets": 0, "income": 0, "revenue": 0}, {"ein": "994579975", "name": "CONG MOSHE ELIEZER", "city": "MONROE", "state": "NY", "zip": "10950-5596", "ntee": "X30", "ruling": "202506", "deductibility": "1", "assets": 0, "income": 0, "revenue": 0}], "ELECTRICAL": [{"ein": "061687979", "name": "ELECTRICAL INDUSTRY SCHOLARSHIP FUND INC", "city": "FLUSHING", "state": "NY", "zip": "11365-3085", "ntee": "B82", "ruling": "200806", "deductibility": "1", "assets": 637686, "income": 741700, "revenue": 0}, {"ein": "110502155", "name": "INTERNATIONAL BROTHERHOOD OF ELECTRICAL WORKERS", "city": "HOLTSVILLE", "state": "NY", "zip": "11742-2000", "ntee": "", "ruling": "194008", "deductibility": "2", "assets": 6873250, "income": 6171077, "revenue": 5541992}, {"ein": "110907965", "name": "INTERNATIONAL BROTHERHOOD OF ELECTRICAL WORKERS", "city": "HAUPPAUGE", "state": "NY", "zip": "11788-8833", "ntee": "", "ruling": "194008", "deductibility": "2", "assets": 11062357, "income": 6211033, "revenue": 6211033}, {"ein": "111595598", "name": "NATIONAL ELECTRICAL CONTRACTORS ASSOC INC", "city": "HAUPPAUGE", "state": "NY", "zip": "11788-2024", "ntee": "S41", "ruling": "195005", "deductibility": "2", "assets": 2915568, "income": 2810794, "revenue": 1427845}, {"ein": "111704823", "name": "ELECTRICAL INDUSTRY BOARD OF NASSAU & SUFFOLK COUNTIES NEW YORK", "city": "HAUPPAUGE", "state": "NY", "zip": "11788-5133", "ntee": "", "ruling": "196205", "deductibility": "2", "assets": 6308633, "income": 104208576, "revenue": 104208576}, {"ein": "111748812", "name": "INTERNATIONAL BROTHERHOOD OF ELECTRICAL WORKERS", "city": "UNIONDALE", "state": "NY", "zip": "11553-0000", "ntee": "", "ruling": "194008", "deductibility": "2", "assets": 10937, "income": 253251, "revenue": 253251}, {"ein": "111976583", "name": "ASSOCIATION OF ELECTRICAL CONTRACTORS INC", "city": "RONKONKOMA", "state": "NY", "zip": "11779-0000", "ntee": "", "ruling": "196106", "deductibility": "2", "assets": 43783, "income": 16585, "revenue": 16585}, {"ein": "112212659", "name": "ADDITIONAL SECURITY BENEFITS PLAN OF THE ELECTRICAL INDUSTRY", "city": "FLUSHING", "state": "NY", "zip": "11365-3085", "ntee": "", "ruling": "197001", "deductibility": "2", "assets": 364720882, "income": 126706025, "revenue": 6308811}, {"ein": "112585905", "name": "DENTAL BENEFIT FUND OF THE ELECTRICAL INDUSTRY", "city": "FLUSHING", "state": "NY", "zip": "11365-3085", "ntee": "", "ruling": "198410", "deductibility": "2", "assets": 65982224, "income": 155086746, "revenue": -5091937}, {"ein": "112734372", "name": "SUFFOLK COUNTY ELECTRICAL CONTRACTORS ASSOCIATION", "city": "SMITHTOWN", "state": "NY", "zip": "11787-0696", "ntee": "S41Z", "ruling": "198609", "deductibility": "2", "assets": 310982, "income": 113353, "revenue": 113353}, {"ein": "112871178", "name": "LEGAL SERVICES FUND OF THE ELECTRICAL INDUSTRY", "city": "FLUSHING", "state": "NY", "zip": "11365-3085", "ntee": "", "ruling": "199501", "deductibility": "2", "assets": 6285382, "income": 2008819, "revenue": 707835}, {"ein": "113105790", "name": "CLOTHING & TOOL FUND OF THE ELECTRICAL INDUSTRY TR", "city": "FLUSHING", "state": "NY", "zip": "11365-3085", "ntee": "", "ruling": "199503", "deductibility": "2", "assets": 1076176, "income": 62744, "revenue": 62744}, {"ein": "113571241", "name": "NEW YORK ELECTRICAL WHOLESALERS EMPLOYERS ASSOCIATION INC", "city": "STATEN ISLAND", "state": "NY", "zip": "10310-1807", "ntee": "S41", "ruling": "200104", "deductibility": "2", "assets": 6416, "income": 0, "revenue": 0}, {"ein": "116001022", "name": "INTERNATIONAL BROTHERHOOD OF ELECTRICAL WORKERS", "city": "PATCHOGUE", "state": "NY", "zip": "11772-3587", "ntee": "", "ruling": "194008", "deductibility": "2", "assets": 2240276, "income": 1042089, "revenue": 1042089}, {"ein": "116032814", "name": "INTERNATIONAL ASSOCIATION OF ELECTRICAL INSPECTORS", "city": "HOWARD BEACH", "state": "NY", "zip": "11414-3719", "ntee": "", "ruling": "000000", "deductibility": "2", "assets": 0, "income": 0, "revenue": 0}, {"ein": "116035492", "name": "FIVE BORO ELECTRICAL CONTRACTORS ASSOCIATION INC", "city": "BROOKLYN", "state": "NY", "zip": "11218-0313", "ntee": "", "ruling": "196403", "deductibility": "2", "assets": 438239, "income": 67096, "revenue": 67096}, {"ein": "116035960", "name": "EDUCATIONAL AND CULTURAL TRUST FUND OF THE ELECTRICAL INDUSTRY", "city": "FLUSHING", "state": "NY", "zip": "11365-3085", "ntee": "", "ruling": "196506", "deductibility": "2", "assets": 80608199, "income": 102450996, "revenue": 22944112}, {"ein": "116079231", "name": "INTERNATIONAL BROTHERHOOD OF ELECTRICAL WORKERS", "city": "CORAM", "state": "NY", "zip": "11727-4433", "ntee": "", "ruling": "194008", "deductibility": "2", "assets": 191474, "income": 297154, "revenue": 297154}, {"ein": "116101250", "name": "INTERNATIONAL BROTHERHOOD OF ELECTRICAL WORKERS", "city": "FISHKILL", "state": "NY", "zip": "12524-1883", "ntee": "", "ruling": "194008", "deductibility": "2", "assets": 0, "income": 423599, "revenue": 423599}, {"ein": "116579330", "name": "LOCAL UNION NO 241 INTERNATIONAL BROTHERHOOD OF ELECTRICAL WORKERS", "city": "VESTAL", "state": "NY", "zip": "13851-0095", "ntee": "", "ruling": "200309", "deductibility": "2", "assets": 289262, "income": 74771, "revenue": 74771}, {"ein": "130891035", "name": "JOINT INDUSTRY BOARD OF THE ELECTRICAL INDUSTRY", "city": "FLUSHING", "state": "NY", "zip": "11365-3085", "ntee": "", "ruling": "194501", "deductibility": "2", "assets": 58795852, "income": 56526647, "revenue": 56526647}, {"ein": "130891045", "name": "PENSION COMM JOINT INDUSTRY BOARD OF THE ELECTRICAL INDUSTRY", "city": "FLUSHING", "state": "NY", "zip": "11365-3085", "ntee": "", "ruling": "194410", "deductibility": "2", "assets": 252335115, "income": 875562054, "revenue": 466330019}, {"ein": "131097700", "name": "NEW YORK ELECTRICAL CONTRACTORS ASSOCIATION INC", "city": "NEW YORK", "state": "NY", "zip": "10017-6929", "ntee": "", "ruling": "194207", "deductibility": "2", "assets": 9222214, "income": 3317877, "revenue": 3317877}, {"ein": "131160354", "name": "INTERNAIONAL ASSOCIATION OF ELECTRICAL INSPECTORS", "city": "COPIAGUE", "state": "NY", "zip": "11726-2701", "ntee": "", "ruling": "195601", "deductibility": "0", "assets": 0, "income": 0, "revenue": 0}, {"ein": "131402906", "name": "INTERNATIONAL BROTHERHOOD OF ELECTRICAL WORKERS", "city": "NEW YORK", "state": "NY", "zip": "10122-1101", "ntee": "", "ruling": "194008", "deductibility": "2", "assets": 3217926, "income": 2191153, "revenue": 2191153}, {"ein": "131589405", "name": "INTERNATIONAL BROTHERHOOD OF ELECTRICAL WORKERS", "city": "ARMONK", "state": "NY", "zip": "10504-1742", "ntee": "", "ruling": "194008", "deductibility": "2", "assets": 594658, "income": 1161196, "revenue": 1161196}, {"ein": "131739738", "name": "INTERNATIONAL BROTHERHOOD OF ELECTRICAL WORKERS", "city": "HARRIMAN", "state": "NY", "zip": "10926-3100", "ntee": "", "ruling": "194008", "deductibility": "2", "assets": 19716219, "income": 38389842, "revenue": 6190129}, {"ein": "131785700", "name": "HUDSON VALLEY CHAPTER NATIONAL ELECTRICAL CONTRACTORS ASSOC INC", "city": "CENTRAL VLY", "state": "NY", "zip": "10917-3201", "ntee": "J40Z", "ruling": "195806", "deductibility": "2", "assets": 1491910, "income": 686499, "revenue": 686499}, {"ein": "131835737", "name": "INTERNATIONAL BROTHERHOOD OF ELECTRICAL WORKERS WELFARE FUND 17", "city": "ARMONK", "state": "NY", "zip": "10504-1742", "ntee": "", "ruling": "195307", "deductibility": "2", "assets": 2649978, "income": 3926460, "revenue": 3926460}, {"ein": "131884504", "name": "ELECTRICAL INDUSTRY GROUP LIFE FUND", "city": "FLUSHING", "state": "NY", "zip": "11365-3085", "ntee": "", "ruling": "197611", "deductibility": "2", "assets": 935236, "income": 1743623, "revenue": 113556}, {"ein": "131955999", "name": "WESTCHESTER-FAIRFIELD ELECTRICAL JOINT APPRNTCSHP & TRAING TR FUND", "city": "WHITE PLAINS", "state": "NY", "zip": "10605-1514", "ntee": "", "ruling": "196404", "deductibility": "2", "assets": 1370302, "income": 1500659, "revenue": 1500659}, {"ein": "132518753", "name": "ELECTRICAL WORKERS LOCAL 501 REALTY CORP", "city": "WHITE PLAINS", "state": "NY", "zip": "10605-1514", "ntee": "", "ruling": "197603", "deductibility": "2", "assets": 948696, "income": 339553, "revenue": 339553}, {"ein": "132946603", "name": "THE AEC ELECTRICAL CHARITABLE FOUNDATION INC", "city": "RONKONKOMA", "state": "NY", "zip": "11779-0000", "ntee": "", "ruling": "197901", "deductibility": "1", "assets": 1, "income": 1, "revenue": 0}, {"ein": "133465183", "name": "INTERNATIONAL ASSOCIATION OF ELECTRICAL INSPECTORS", "city": "POUGHQUAG", "state": "NY", "zip": "12570-5604", "ntee": "", "ruling": "195601", "deductibility": "2", "assets": 0, "income": 0, "revenue": 0}, {"ein": "133536155", "name": "BRONX ACORN ELECTRICAL CLUB SCHOLARSHIP FOUNDATION INC", "city": "BRONX", "state": "NY", "zip": "10463-3868", "ntee": "B82", "ruling": "202105", "deductibility": "1", "assets": 1, "income": 1, "revenue": 0}, {"ein": "135574127", "name": "INTERNATIONAL BROTHERHOOD OF ELECTRICAL WORKERS", "city": "FLUSHING", "state": "NY", "zip": "11365-3085", "ntee": "", "ruling": "194008", "deductibility": "2", "assets": 60506811, "income": 50945324, "revenue": 28328759}, {"ein": "135671180", "name": "ELECTRICAL WORKERS BENEFIT SOCIETY", "city": "FLUSHING", "state": "NY", "zip": "11365-3085", "ntee": "", "ruling": "194909", "deductibility": "2", "assets": 61657382, "income": 52155947, "revenue": 4204468}, {"ein": "136100908", "name": "HOSPITALIZATION TRUST FUND OF THE ELECTRICAL MANUFACTURING INDUSTRY", "city": "FLUSHING", "state": "NY", "zip": "11365-3085", "ntee": "", "ruling": "195810", "deductibility": "2", "assets": 17969652, "income": 32737388, "revenue": 24951595}, {"ein": "141374985", "name": "INTERNATIONAL BROTHERHOOD OF ELECTRICAL WORKERS LU 2213", "city": "SCHENECTADY", "state": "NY", "zip": "12309-1614", "ntee": "", "ruling": "194008", "deductibility": "2", "assets": 325852, "income": 369333, "revenue": 369333}, {"ein": "141810970", "name": "INTERNATIONAL BROTHERHOOD OF ELECTRICAL WORKERS", "city": "SCHENECTADY", "state": "NY", "zip": "12309-1614", "ntee": "", "ruling": "194008", "deductibility": "2", "assets": 43536292, "income": 12132215, "revenue": 5698417}, {"ein": "146018839", "name": "ALBANY ELECTRICAL CONTRACTORS ASSOCIATION INC", "city": "LATHAM", "state": "NY", "zip": "12110-0000", "ntee": "", "ruling": "194611", "deductibility": "2", "assets": 1452431, "income": 447631, "revenue": 412785}, {"ein": "146037632", "name": "INTERNATIONAL BROTHERHOOD OF ELECTRICAL WORKERS", "city": "POUGHKEEPSIE", "state": "NY", "zip": "12601-2316", "ntee": "", "ruling": "194008", "deductibility": "2", "assets": 2081395, "income": 1050351, "revenue": 1050351}, {"ein": "150298107", "name": "INTERNATIONAL BROTHERHOOD OF ELECTRICAL WORKERS", "city": "BINGHAMTON", "state": "NY", "zip": "13904-3213", "ntee": "", "ruling": "194008", "deductibility": "2", "assets": 2269482, "income": 1112378, "revenue": 1112378}, {"ein": "150347943", "name": "INTERNATIONAL BROTHERHOOD OF ELECTRICAL WORKERS", "city": "ITHACA", "state": "NY", "zip": "14850-5124", "ntee": "", "ruling": "194008", "deductibility": "2", "assets": 2064880, "income": 2197989, "revenue": 1493553}, {"ein": "150347945", "name": "INTERNATIONAL BROTHERHOOD OF ELECTRICAL WORKERS", "city": "CLAY", "state": "NY", "zip": "13041-9613", "ntee": "", "ruling": "194008", "deductibility": "2", "assets": 19170092, "income": 9560331, "revenue": 5477103}, {"ein": "150400987", "name": "INTERNATIONAL BROTHERHOOD OF ELECTRICAL WORKERS", "city": "WATERTOWN", "state": "NY", "zip": "13601-2145", "ntee": "", "ruling": "194008", "deductibility": "2", "assets": 3654934, "income": 1636011, "revenue": 1007806}, {"ein": "150595908", "name": "ELECTRICAL JOINT APPRENTICE AND TRAINING COMMITTEE OF WATERTOWN NY", "city": "WATERTOWN", "state": "NY", "zip": "13601-2145", "ntee": "", "ruling": "196101", "deductibility": "1", "assets": 1455577, "income": 909527, "revenue": 667453}, {"ein": "150620091", "name": "INTERNATIONAL BROTHERHOOD OF ELECTRICAL WORKERS", "city": "SYRACUSE", "state": "NY", "zip": "13211-2003", "ntee": "", "ruling": "194008", "deductibility": "2", "assets": 123636, "income": 231546, "revenue": 231546}, {"ein": "150621809", "name": "THE NEW YORK STATE ASSOCIATION OF ELECTRICAL CONTRACTORS INC", "city": "LATHAM", "state": "NY", "zip": "12110-0807", "ntee": "", "ruling": "194505", "deductibility": "2", "assets": 0, "income": 0, "revenue": 0}, {"ein": "150626264", "name": "INTERNATIONAL BROTHERHOOD OF ELECTRICAL WORKERS 325 JOINT FUND", "city": "BINGHAMTON", "state": "NY", "zip": "13904-3213", "ntee": "", "ruling": "196404", "deductibility": "2", "assets": 31716332, "income": 27095005, "revenue": 6714969}, {"ein": "156025163", "name": "INTERNATIONAL BROTHERHOOD OF ELECTL WKRS 43 & ELECTRICAL CONTRACT WLFR", "city": "SYRACUSE", "state": "NY", "zip": "13220-2218", "ntee": "", "ruling": "195911", "deductibility": "2", "assets": 67237106, "income": 50265965, "revenue": 24535686}, {"ein": "160420210", "name": "ELECTRICAL ASSOCIATION OF ROCHESTER INC INSURED BENEFIT TRUST", "city": "ROCHESTER", "state": "NY", "zip": "14602-0219", "ntee": "", "ruling": "194511", "deductibility": "2", "assets": 154700, "income": 126838, "revenue": 19142}, {"ein": "160492690", "name": "INTERNATIONAL BROTHERHOOD OF ELECTRICAL WORKERS", "city": "ORCHARD PARK", "state": "NY", "zip": "14127-0000", "ntee": "", "ruling": "194008", "deductibility": "2", "assets": 4958488, "income": 5585124, "revenue": 3121626}, {"ein": "160492705", "name": "INTERNATIONAL BROTHERHOOD OF ELECTRICAL WORKERS", "city": "ROCHESTER", "state": "NY", "zip": "14623-1036", "ntee": "", "ruling": "194008", "deductibility": "2", "assets": 6174499, "income": 3658512, "revenue": 3658512}, {"ein": "160492707", "name": "INTERNATIONAL BROTHERHOOD OF ELECTRICAL WORKERS", "city": "JAMESTOWN", "state": "NY", "zip": "14701-9680", "ntee": "", "ruling": "194008", "deductibility": "2", "assets": 4069530, "income": 819158, "revenue": 819158}, {"ein": "160667759", "name": "INTERNATIONAL BROTHERHOOD OF ELECTRICAL WORKERS", "city": "NIAGARA FALLS", "state": "NY", "zip": "14304-4531", "ntee": "", "ruling": "194008", "deductibility": "2", "assets": 2384232, "income": 1249586, "revenue": 1249586}, {"ein": "160778220", "name": "ELECTRICAL WORKERS LOCAL NO 86 INSURANCE FUND PLAN AND TRUST", "city": "ROCHESTER", "state": "NY", "zip": "14623-1036", "ntee": "", "ruling": "196002", "deductibility": "2", "assets": 27931539, "income": 32533506, "revenue": 20442407}, {"ein": "160799784", "name": "INTERNATIONAL BROTHERHOOD OF ELECTRICAL WORKERS", "city": "ELMIRA", "state": "NY", "zip": "14901-2618", "ntee": "", "ruling": "194008", "deductibility": "2", "assets": 2721669, "income": 1614690, "revenue": 932693}, {"ein": "160804533", "name": "INTERNATIONAL BROTHERHOOD OF ELECTRICAL WORKERS", "city": "ELMIRA", "state": "NY", "zip": "14901-2618", "ntee": "", "ruling": "194008", "deductibility": "2", "assets": 81725, "income": 96640, "revenue": 96640}, {"ein": "160805418", "name": "INTERNATIONAL BROTHERHOOD OF ELECTRICAL WORKERS", "city": "GENEVA", "state": "NY", "zip": "14456-0851", "ntee": "", "ruling": "194008", "deductibility": "2", "assets": 2443833, "income": 1274750, "revenue": 1274750}, {"ein": "160839767", "name": "INTERNATIONAL BROTHERHOOD ELECTRICAL WORKERS LOCAL 139<WELFA", "city": "ELMIRA", "state": "NY", "zip": "14901-2618", "ntee": "", "ruling": "195510", "deductibility": "2", "assets": 26828211, "income": 27118367, "revenue": 5541100}, {"ein": "160841426", "name": "INTERNATIONAL BROTHERHOOD OF ELECTRICAL WORKERS", "city": "ORCHARD PARK", "state": "NY", "zip": "14127-0000", "ntee": "", "ruling": "196110", "deductibility": "0", "assets": 49137150, "income": 51189248, "revenue": 20434249}, {"ein": "160867133", "name": "INTERNATIONAL BROTHERHOOD OF ELECTRICAL WORKERS", "city": "NIAGARA UNIV", "state": "NY", "zip": "14109-0881", "ntee": "", "ruling": "194008", "deductibility": "2", "assets": 452899, "income": 270882, "revenue": 270882}, {"ein": "160902096", "name": "INTERNATIONAL BROTHERHOOD OF ELECTRICAL WORKERS", "city": "ORCHARD PARK", "state": "NY", "zip": "14127-1727", "ntee": "", "ruling": "194008", "deductibility": "2", "assets": 1126035, "income": 701039, "revenue": 701039}, {"ein": "160951042", "name": "WESTERN NEW YORK STATE CHAPTER NATIONAL ELECTRICAL CONTRACTORS AS", "city": "CHEEKTOWAGA", "state": "NY", "zip": "14225-1960", "ntee": "", "ruling": "194501", "deductibility": "2", "assets": 1408437, "income": 591656, "revenue": 579175}, {"ein": "161098891", "name": "ROCHESTER & VICINITY ELECTRICAL WORKERS SUNSHINE CLUB INC", "city": "ROCHESTER", "state": "NY", "zip": "14623-1036", "ntee": "P99", "ruling": "201304", "deductibility": "2", "assets": 0, "income": 0, "revenue": 0}, {"ein": "161135246", "name": "INTERNATIONAL BROTHERHOOD OF ELECTRICAL WORKERS BUILDING CORP", "city": "ELMIRA", "state": "NY", "zip": "14901-2618", "ntee": "", "ruling": "198010", "deductibility": "0", "assets": 1190997, "income": 263002, "revenue": 263002}, {"ein": "161456713", "name": "INTERNATIONAL BROTHERHOOD OF ELECTRICAL WORKERS", "city": "SYRACUSE", "state": "NY", "zip": "13204-2225", "ntee": "", "ruling": "000000", "deductibility": "0", "assets": 9370638, "income": 6314620, "revenue": 6314620}, {"ein": "166049686", "name": "CENTRAL NEW YORK JATC FOR THE ELECTRICAL INDUSTRY", "city": "CLAY", "state": "NY", "zip": "13041-9613", "ntee": "J22Z", "ruling": "196502", "deductibility": "1", "assets": 2692816, "income": 2054654, "revenue": 2054654}, {"ein": "166051893", "name": "INTERNATIONAL BROTHERHOOD OF ELECTRICAL WORKERS", "city": "FULTON", "state": "NY", "zip": "13069-0417", "ntee": "", "ruling": "196302", "deductibility": "2", "assets": 64544, "income": 20293, "revenue": 20293}, {"ein": "166053620", "name": "INTERNATIONAL ASSOCIATION OF ELECTRICAL INSPECTORS", "city": "CHURCHVILLE", "state": "NY", "zip": "14428-9107", "ntee": "", "ruling": "195910", "deductibility": "2", "assets": 20193, "income": 15865, "revenue": 15865}, {"ein": "166053622", "name": "INTERNATIONAL ASSOCIATION OF ELECTRICAL INSPECTORS", "city": "TONAWANDA", "state": "NY", "zip": "14150-3713", "ntee": "", "ruling": "195601", "deductibility": "2", "assets": 0, "income": 0, "revenue": 0}, {"ein": "166061278", "name": "INTERNATIONAL ASSOCIATION OF ELECTRICAL INSPECTORS", "city": "BALDWINSVILLE", "state": "NY", "zip": "13027-1233", "ntee": "", "ruling": "195601", "deductibility": "2", "assets": 0, "income": 0, "revenue": 0}, {"ein": "166067509", "name": "ROCHESTER ELECTRICAL JOINT APPRENTICESHIP AND TRAINING TR", "city": "ROCHESTER", "state": "NY", "zip": "14623-2619", "ntee": "J220", "ruling": "199802", "deductibility": "1", "assets": 4203620, "income": 2416292, "revenue": 1959936}, {"ein": "166073285", "name": "INTERNATIONAL BROTHERHOOD OF ELECTRICAL WORKERS", "city": "WEST SENECA", "state": "NY", "zip": "14224-0401", "ntee": "", "ruling": "196704", "deductibility": "2", "assets": 194689, "income": 229064, "revenue": 229064}, {"ein": "204032023", "name": "INTERNATIONAL BROTHERHOOD OF ELECTRICAL WORKERS", "city": "GENEVA", "state": "NY", "zip": "14456-0851", "ntee": "", "ruling": "194008", "deductibility": "2", "assets": 308645, "income": 471977, "revenue": 471977}, {"ein": "221656762", "name": "NORTHEASTERN LINE CONSTRUCTORS CHAPTER NATIONAL ELECTRICAL CONTRA", "city": "SCARSDALE", "state": "NY", "zip": "10583-5063", "ntee": "", "ruling": "195804", "deductibility": "2", "assets": 66114114, "income": 15918724, "revenue": 15918724}, {"ein": "223826646", "name": "LOCAL UNION 325 INTL BROTHERHOOD OF ELECTRICAL WORKERS AND EMPLOYERS", "city": "VESTAL", "state": "NY", "zip": "13851-0095", "ntee": "J40", "ruling": "200207", "deductibility": "2", "assets": 225774, "income": 63970, "revenue": 63970}, {"ein": "226095501", "name": "INTERNATIONAL BROTHERHOOD OF ELECTRICAL WORKERS", "city": "CROTON HDSN", "state": "NY", "zip": "10520-0642", "ntee": "", "ruling": "196704", "deductibility": "2", "assets": 20616, "income": 95200, "revenue": 95200}, {"ein": "237032908", "name": "INTERNATIONAL BROTHERHOOD OF ELECTRICAL WORKERS", "city": "GOSHEN", "state": "NY", "zip": "10924-6720", "ntee": "", "ruling": "196704", "deductibility": "2", "assets": 902122, "income": 1083632, "revenue": 1027830}, {"ein": "237041009", "name": "UNITED ELECTRICAL RADIO & MACHINE WORKERS OF AMERICA", "city": "ELMIRA", "state": "NY", "zip": "14901-2805", "ntee": "", "ruling": "194411", "deductibility": "2", "assets": 230668, "income": 233279, "revenue": 106829}, {"ein": "237075615", "name": "UNITED ELECTRICAL RADIO & MACHINE WORKERS OF AMERICA", "city": "N TONAWANDA", "state": "NY", "zip": "14120-4711", "ntee": "J40", "ruling": "194411", "deductibility": "2", "assets": 0, "income": 0, "revenue": 0}, {"ein": "237124576", "name": "ELECTRICAL WORKERS LOCAL 237 INC", "city": "NIAGARA FALLS", "state": "NY", "zip": "14304-4531", "ntee": "", "ruling": "198005", "deductibility": "2", "assets": 594429, "income": 342525, "revenue": 306732}, {"ein": "237257515", "name": "ITHACA ELECTRICAL JOINT APPRENTICESHIP TRAINING FUND LOCAL", "city": "ITHACA", "state": "NY", "zip": "14850-5124", "ntee": "B30", "ruling": "201302", "deductibility": "1", "assets": 1398162, "income": 549968, "revenue": 549968}, {"ein": "237431653", "name": "ELECTRICAL INDUSTRY EDUCATIONAL FUND", "city": "ORCHARD PARK", "state": "NY", "zip": "14127-1746", "ntee": "", "ruling": "197502", "deductibility": "1", "assets": 3187298, "income": 1204129, "revenue": 1204129}, {"ein": "237448166", "name": "NIAGARA COUNTY ELECTRICAL JOINT APPRENTICESHIP TRAINING COMMITTEE", "city": "NIAGARA FALLS", "state": "NY", "zip": "14304-1987", "ntee": "J40Z", "ruling": "197505", "deductibility": "1", "assets": 1004896, "income": 477138, "revenue": 477138}, {"ein": "261140509", "name": "BUILDING INDUSTRY ELECTRICAL CONTRACTORS ASSOCIATION INC", "city": "HOLTSVILLE", "state": "NY", "zip": "11742-1074", "ntee": "S41", "ruling": "200905", "deductibility": "2", "assets": 0, "income": 0, "revenue": 0}, {"ein": "311759233", "name": "WESTCHESTER COUNTY LICENSED ELECTRICAL CONTRACTORS ASSOCIATION", "city": "WHITE PLAINS", "state": "NY", "zip": "10605-1440", "ntee": "S41", "ruling": "200103", "deductibility": "2", "assets": 33461, "income": 27544, "revenue": 27544}, {"ein": "352219456", "name": "INTERNATIONAL BROTHERHOOD OF ELECTRICAL WORKERS", "city": "ROCHESTER", "state": "NY", "zip": "14610-1825", "ntee": "", "ruling": "194008", "deductibility": "2", "assets": 1214368, "income": 553572, "revenue": 553572}, {"ein": "465202573", "name": "INTERNATIONAL BROTHERHOOD OF ELECTRICAL WORKERS", "city": "JOHNSON CITY", "state": "NY", "zip": "13790-2125", "ntee": "J40", "ruling": "194008", "deductibility": "2", "assets": 3000946, "income": 2005232, "revenue": 1994127}, {"ein": "510151311", "name": "ELECTRICAL EMPLOYERS SELF INSURANCE SAFETY PLAN", "city": "FLUSHING", "state": "NY", "zip": "11365-3085", "ntee": "", "ruling": "198408", "deductibility": "2", "assets": 318681579, "income": 212980175, "revenue": 96402737}, {"ein": "510161786", "name": "KEYSTONE CLUB OF THE ELECTRICAL INDUSTRY OF NEW YORK CITY INC", "city": "FLUSHING", "state": "NY", "zip": "11365-2501", "ntee": "", "ruling": "197509", "deductibility": "2", "assets": 108256, "income": 80067, "revenue": 63778}, {"ein": "510178850", "name": "INTERNATIONAL BROTHERHOOD OF ELECTRICAL WORKERS", "city": "FLUVANNA", "state": "NY", "zip": "14701-9032", "ntee": "J40", "ruling": "194008", "deductibility": "2", "assets": 0, "income": 0, "revenue": 0}, {"ein": "510179071", "name": "INTERNATIONAL ASSOCIATION OF ELECTRICAL INSPECTORS", "city": "MECHANICVILLE", "state": "NY", "zip": "12118-3523", "ntee": "", "ruling": "195601", "deductibility": "2", "assets": 0, "income": 0, "revenue": 0}, {"ein": "510244392", "name": "INTERNATIONAL BROTHERHOOD OF ELECTRICAL WORKERS", "city": "MASSENA", "state": "NY", "zip": "13662-1507", "ntee": "", "ruling": "194008", "deductibility": "2", "assets": 224266, "income": 598377, "revenue": 492327}, {"ein": "562489386", "name": "HEALTH REIMBURSEMENT ACCOUNT FUND OF THE ELECTRICAL INDUSTRY", "city": "FLUSHING", "state": "NY", "zip": "11365-3085", "ntee": "Y43", "ruling": "200506", "deductibility": "2", "assets": 126454473, "income": 52253670, "revenue": 52253670}, {"ein": "611735214", "name": "ELECTRICAL INDUSTRY APPRENTICE TRAINING PROGRAM", "city": "FLUSHING", "state": "NY", "zip": "11365-3085", "ntee": "J40", "ruling": "201512", "deductibility": "2", "assets": 44544642, "income": 36446366, "revenue": 11413766}, {"ein": "750761120", "name": "ELECTRICAL APPARATUS SERVICE ASSOCIATION INC", "city": "ROCHESTER", "state": "NY", "zip": "14621-3918", "ntee": "", "ruling": "194903", "deductibility": "2", "assets": 118994, "income": 67634, "revenue": 67634}, {"ein": "800580089", "name": "ELECTRICAL INDUSTRY REAL ESTATE FUND LLC", "city": "FLUSHING", "state": "NY", "zip": "11365-3085", "ntee": "", "ruling": "201106", "deductibility": "2", "assets": 22743157, "income": 12191324, "revenue": 862875}, {"ein": "882156338", "name": "NY REGION CHAPTER ELECTRICAL WORKERS MINORITY CAUCUS", "city": "HAUPPAUGE", "state": "NY", "zip": "11788-5181", "ntee": "J40", "ruling": "202205", "deductibility": "1", "assets": 0, "income": 0, "revenue": 0}, {"ein": "921332279", "name": "METROPOLITAN ELECTRICAL CONTRACTORS ASSOCIATION INC", "city": "STATEN ISLAND", "state": "NY", "zip": "10304-2618", "ntee": "J03", "ruling": "202309", "deductibility": "2", "assets": 274745, "income": 369881, "revenue": 369881}, {"ein": "994692143", "name": "UNITED ELECTRICAL RADIO & MACHINE WORKERS", "city": "ITHACA", "state": "NY", "zip": "14850-3627", "ntee": "", "ruling": "194411", "deductibility": "2", "assets": 0, "income": 0, "revenue": 0}], "ORNMENTAL": [{"ein": "110907905", "name": "INTERNATIONAL ASSOCIATION OF BRIDGE STRUCTURAL & ORNMENTAL IRON", "city": "OZONE PARK", "state": "NY", "zip": "11416-1415", "ntee": "", "ruling": "198305", "deductibility": "2", "assets": 13993446, "income": 7090557, "revenue": 5614818}], "ABBOT": [{"ein": "111676512", "name": "ST WILLIAM THE ABBOT ROMAN CATHOLIC CHURCH", "city": "SEAFORD", "state": "NY", "zip": "11783-2628", "ntee": "", "ruling": "194603", "deductibility": "0", "assets": 0, "income": 0, "revenue": 0}, {"ein": "521782070", "name": "NEWTON ABBOT FIRE COMPANY INC", "city": "BLASDELL", "state": "NY", "zip": "14219-0201", "ntee": "M24Z", "ruling": "199611", "deductibility": "1", "assets": 3264086, "income": 792659, "revenue": 792659}], "ARON": [{"ein": "111752027", "name": "YESHIVOS KARLIN STOLIN BETH ARON VEISRAEL RABBINICAL INSTITUTE INC", "city": "BROOKLYN", "state": "NY", "zip": "11204-1545", "ntee": "", "ruling": "195308", "deductibility": "1", "assets": 0, "income": 0, "revenue": 0}, {"ein": "112379092", "name": "CONGREGATION BAIS ARON", "city": "BROOKLYN", "state": "NY", "zip": "11204-1405", "ntee": "", "ruling": "197806", "deductibility": "1", "assets": 0, "income": 0, "revenue": 0}, {"ein": "112452629", "name": "CONGREGATION SHAREI ARON", "city": "BROOKLYN", "state": "NY", "zip": "11219-2025", "ntee": "", "ruling": "197910", "deductibility": "1", "assets": 0, "income": 0, "revenue": 0}, {"ein": "112707376", "name": "HELEN & ARON BISTRICER TORAH FOUNDATION", "city": "BROOKLYN", "state": "NY", "zip": "11219-2634", "ntee": "", "ruling": "198412", "deductibility": "1", "assets": 131493, "income": 53751, "revenue": 0}, {"ein": "112865737", "name": "GEMILAS CHESED ZICHRON ARON VELYA", "city": "BROOKLYN", "state": "NY", "zip": "11211-8113", "ntee": "", "ruling": "198707", "deductibility": "1", "assets": 0, "income": 0, "revenue": 0}, {"ein": "113022581", "name": "CONG ATERES ARON", "city": "MONROE", "state": "NY", "zip": "10950-5814", "ntee": "", "ruling": "199103", "deductibility": "1", "assets": 0, "income": 0, "revenue": 0}, {"ein": "113046674", "name": "CONGREGATION OHR JOSHUA TOLDOTH ARON INC", "city": "BROOKLYN", "state": "NY", "zip": "11211-7207", "ntee": "", "ruling": "199103", "deductibility": "1", "assets": 0, "income": 0, "revenue": 0}, {"ein": "113052112", "name": "CONG KEREN HACHESED OF ADATH ARON V ISRAEL", "city": "BROOKLYN", "state": "NY", "zip": "11210-3714", "ntee": "", "ruling": "199201", "deductibility": "1", "assets": 0, "income": 0, "revenue": 0}, {"ein": "113421614", "name": "CONG BETH ARON MOSHE", "city": "BROOKLYN", "state": "NY", "zip": "11218-5765", "ntee": "X21Z", "ruling": "199806", "deductibility": "1", "assets": 0, "income": 0, "revenue": 0}, {"ein": "133612641", "name": "KEHILLAT NEW HEMPSTEAD THE RAV ARON JOFEN COMMUNITY SYNAGOGUE", "city": "NEW HEMPSTEAD", "state": "NY", "zip": "10977-1700", "ntee": "", "ruling": "199301", "deductibility": "1", "assets": 0, "income": 0, "revenue": 0}, {"ein": "133635951", "name": "CONGREGATION TOLDOS ARON", "city": "MONSEY", "state": "NY", "zip": "10952-2610", "ntee": "", "ruling": "199207", "deductibility": "1", "assets": 0, "income": 0, "revenue": 0}, {"ein": "134116566", "name": "CONGREGATION BETH ARON DKARLIN STOLIN OF MONSEY", "city": "MONSEY", "state": "NY", "zip": "10952-3602", "ntee": "X30", "ruling": "200006", "deductibility": "1", "assets": 0, "income": 0, "revenue": 0}, {"ein": "134135328", "name": "KEREN ARON", "city": "BROOKLYN", "state": "NY", "zip": "11211-8036", "ntee": "X30", "ruling": "200101", "deductibility": "1", "assets": 0, "income": 0, "revenue": 0}, {"ein": "136068230", "name": "J ARON CHARITABLE FOUNDATION INC", "city": "JERICHO", "state": "NY", "zip": "11753-2702", "ntee": "", "ruling": "193611", "deductibility": "1", "assets": 4776677, "income": 2292760, "revenue": 0}, {"ein": "137101887", "name": "KEREN ZICHRON ARON FOUNDATION", "city": "NEW YORK", "state": "NY", "zip": "10017-6270", "ntee": "T22Z", "ruling": "199705", "deductibility": "1", "assets": 1977, "income": 195000, "revenue": 0}, {"ein": "200504976", "name": "ARON AND RITCHEL ZICHRON KDOSHIM FREE LOAN FUND", "city": "BROOKLYN", "state": "NY", "zip": "11210-2840", "ntee": "T20", "ruling": "200410", "deductibility": "1", "assets": 5166213, "income": 4404287, "revenue": 0}, {"ein": "200675566", "name": "CONGREGATION BAIS ARON", "city": "BROOKLYN", "state": "NY", "zip": "11219-7200", "ntee": "X30", "ruling": "200403", "deductibility": "1", "assets": 0, "income": 0, "revenue": 0}, {"ein": "237185841", "name": "CONGREGATION KOLLEL BETH SHMYEL ARON", "city": "BROOKLYN", "state": "NY", "zip": "11218-3511", "ntee": "", "ruling": "197207", "deductibility": "1", "assets": 0, "income": 0, "revenue": 0}, {"ein": "237314942", "name": "CONGREGATION NACHLAS ARON OF NEW YORK", "city": "BROOKLYN", "state": "NY", "zip": "11219-4509", "ntee": "", "ruling": "197310", "deductibility": "1", "assets": 0, "income": 0, "revenue": 0}, {"ein": "464427899", "name": "ARON AND SHAINDY GROSSMAN FOUNDATION", "city": "MONSEY", "state": "NY", "zip": "10952-2629", "ntee": "T20", "ruling": "201502", "deductibility": "1", "assets": 619646, "income": 1700017, "revenue": 0}, {"ein": "471143490", "name": "CONGREGATION BETH ARON VISRAEL KARLIN STOLIN INC OF BORO PARK", "city": "BROOKLYN", "state": "NY", "zip": "11204-1105", "ntee": "X30", "ruling": "201608", "deductibility": "1", "assets": 0, "income": 0, "revenue": 0}, {"ein": "477272395", "name": "THE ARON KAPELYUS AND NELLA KAPEL US FOUNDATION TRUST", "city": "KEW GARDENS", "state": "NY", "zip": "11415-1323", "ntee": "T20", "ruling": "201701", "deductibility": "1", "assets": 2653646, "income": 1239461, "revenue": 0}, {"ein": "800056316", "name": "KOLLEL METZIYONIM BETH ARON ZEV", "city": "BROOKLYN", "state": "NY", "zip": "11211-8036", "ntee": "X30", "ruling": "200307", "deductibility": "1", "assets": 0, "income": 0, "revenue": 0}, {"ein": "842659990", "name": "ZICHRON ARON INC", "city": "BROOKLYN", "state": "NY", "zip": "11204-1010", "ntee": "T99", "ruling": "201908", "deductibility": "1", "assets": 0, "income": 0, "revenue": 0}, {"ein": "844835755", "name": "CONG SIMCHAS ARON", "city": "BROOKLYN", "state": "NY", "zip": "11205-1641", "ntee": "X30", "ruling": "202201", "deductibility": "1", "assets": 0, "income": 0, "revenue": 0}, {"ein": "872569228", "name": "CONGREGATION MOSHA BEN ARON YIDA", "city": "BROOKLYN", "state": "NY", "zip": "11249-6034", "ntee": "X30", "ruling": "202205", "deductibility": "1", "assets": 0, "income": 0, "revenue": 0}, {"ein": "933265789", "name": "CONGREGATION TOLDAS ARON USA", "city": "SPRING VALLEY", "state": "NY", "zip": "10977-4189", "ntee": "X30", "ruling": "202405", "deductibility": "1", "assets": 0, "income": 0, "revenue": 0}, {"ein": "933647018", "name": "CONG CHAIM ARON", "city": "MONROE", "state": "NY", "zip": "10950-5826", "ntee": "X30", "ruling": "202312", "deductibility": "1", "assets": 0, "income": 0, "revenue": 0}, {"ein": "990581322", "name": "CONGREGATION CHASDEI ARON", "city": "BROOKLYN", "state": "NY", "zip": "11204-2546", "ntee": "X30", "ruling": "202406", "deductibility": "1", "assets": 0, "income": 0, "revenue": 0}], "295B": [{"ein": "111889503", "name": "INTERNATIONAL UNION OF OPERATING ENGINEERS LOCAL 295 295B 295C 295D", "city": "MASPETH", "state": "NY", "zip": "11378-1228", "ntee": "", "ruling": "196010", "deductibility": "2", "assets": 1510792, "income": 1421353, "revenue": 1169543}], "SCHWARZMAN": [{"ein": "112409923", "name": "ZICHRON CHAVA C O AARON SCHWARZMAN", "city": "BROOKLYN", "state": "NY", "zip": "11230-4719", "ntee": "", "ruling": "197701", "deductibility": "1", "assets": 0, "income": 0, "revenue": 0}, {"ein": "133925902", "name": "THE ELLEN PHILIPS SCHWARZMAN KATZ FOUNDATION INC", "city": "NEW YORK", "state": "NY", "zip": "10170-0000", "ntee": "J99Z", "ruling": "199704", "deductibility": "1", "assets": 36009, "income": 68251, "revenue": 0}, {"ein": "454757735", "name": "STEPHEN A SCHWARZMAN EDUCATION FOUNDATION", "city": "NEW YORK", "state": "NY", "zip": "10022-4503", "ntee": "T22", "ruling": "201309", "deductibility": "1", "assets": 15760668, "income": 25599341, "revenue": 0}, {"ein": "474634539", "name": "STEPHEN A SCHWARZMAN FOUNDATION", "city": "NEW YORK", "state": "NY", "zip": "10154-0004", "ntee": "T20", "ruling": "201509", "deductibility": "1", "assets": 105484094, "income": 174444967, "revenue": 0}], "WARD": [{"ein": "112440592", "name": "WARD MELVILLE HERITAGE ORGANIZATION LTD", "city": "STONY BROOK", "state": "NY", "zip": "11790-0572", "ntee": "A800", "ruling": "199809", "deductibility": "1", "assets": 3201224, "income": 430242, "revenue": 401785}, {"ein": "112692941", "name": "ROBERT W WARD MEMORIAL ASSOCIATION INC", "city": "EAST SETAUKET", "state": "NY", "zip": "11733-2912", "ntee": "", "ruling": "198501", "deductibility": "2", "assets": 0, "income": 0, "revenue": 0}, {"ein": "133314966", "name": "WARD W WOODS FOUNDATION", "city": "NEW YORK", "state": "NY", "zip": "10020-1401", "ntee": "", "ruling": "198705", "deductibility": "1", "assets": 17230, "income": 411644, "revenue": 0}, {"ein": "136210583", "name": "ORPHAN HOSPITAL WARD OF ISRAEL INC", "city": "BROOKLYN", "state": "NY", "zip": "11219-4970", "ntee": "Q113", "ruling": "196612", "deductibility": "1", "assets": 0, "income": 0, "revenue": 0}, {"ein": "160905026", "name": "COMMUNITY CHILD CARE CENTER OF THE THIRD WARD INC", "city": "ROCHESTER", "state": "NY", "zip": "14608-2034", "ntee": "P33Z", "ruling": "196801", "deductibility": "1", "assets": 264086, "income": 459282, "revenue": 459282}, {"ein": "166039815", "name": "SIXTH WARD BOOSTER CLUB INC", "city": "ONEONTA", "state": "NY", "zip": "13820-2312", "ntee": "N32", "ruling": "200406", "deductibility": "1", "assets": 0, "income": 0, "revenue": 0}, {"ein": "166068379", "name": "19TH WARD COMMUNITY ASSOCIATION OF ROCHESTER NEW YORK INC", "city": "ROCHESTER", "state": "NY", "zip": "14619-1528", "ntee": "S22Z", "ruling": "196801", "deductibility": "1", "assets": 228321, "income": 111243, "revenue": 103918}, {"ein": "222264220", "name": "OLD FIRST WARD COMMUNITY ASSOCIATION", "city": "BUFFALO", "state": "NY", "zip": "14204-2727", "ntee": "", "ruling": "197911", "deductibility": "1", "assets": 808110, "income": 921982, "revenue": 777761}, {"ein": "222317109", "name": "FIRST WARD ACTION COUNCIL INC", "city": "BINGHAMTON", "state": "NY", "zip": "13905-2225", "ntee": "L200", "ruling": "198308", "deductibility": "1", "assets": 14273672, "income": 2233722, "revenue": 2233722}, {"ein": "276692318", "name": "MICHAEL WARD AND JENNIFER GLOCK FOUNDATION", "city": "ALBANY", "state": "NY", "zip": "12212-5201", "ntee": "T20", "ruling": "201009", "deductibility": "1", "assets": 12462406, "income": 4038221, "revenue": 0}, {"ein": "453941162", "name": "SECOND WARD FOUNDATION", "city": "ANCRAM", "state": "NY", "zip": "12502-5258", "ntee": "T23", "ruling": "201307", "deductibility": "1", "assets": 3241886, "income": 64802, "revenue": 0}, {"ein": "454972468", "name": "6TH WARD ATHLETC ASSOCIATION FOUNDATION INC", "city": "ONEONTA", "state": "NY", "zip": "13820-2222", "ntee": "T30", "ruling": "201209", "deductibility": "1", "assets": 51578, "income": 5684, "revenue": 5684}, {"ein": "460860859", "name": "WARD MELVILLE VARSITY CHEERLEADING BOOSTER CLUB INC", "city": "SETAUKET", "state": "NY", "zip": "11733-1924", "ntee": "N12", "ruling": "202403", "deductibility": "1", "assets": 0, "income": 0, "revenue": 0}, {"ein": "462612187", "name": "WARD MELVILLE ICE HOCKEY CLUB INC", "city": "STONY BROOK", "state": "NY", "zip": "11790-3012", "ntee": "O50", "ruling": "201308", "deductibility": "1", "assets": 35380, "income": 171417, "revenue": 171417}, {"ein": "473039796", "name": "REV LIONEL G RAMIREZ & BETTY J WARD FOUNDATION INC", "city": "RONKONKOMA", "state": "NY", "zip": "11779-6815", "ntee": "P20", "ruling": "201608", "deductibility": "1", "assets": 1, "income": 0, "revenue": 0}, {"ein": "800665532", "name": "TENTH WARD TIGERS POP WARNER", "city": "ROCHESTER", "state": "NY", "zip": "14616-1108", "ntee": "N65", "ruling": "201110", "deductibility": "1", "assets": 0, "income": 0, "revenue": 0}, {"ein": "813815591", "name": "CHARLOTTE COMMUNITY ASSOCIATION 23RD WARD INC", "city": "ROCHESTER", "state": "NY", "zip": "14612-0768", "ntee": "S20", "ruling": "201702", "deductibility": "1", "assets": 0, "income": 0, "revenue": 0}, {"ein": "832159028", "name": "FIRST WARD CHARITIES INC", "city": "BINGHAMTON", "state": "NY", "zip": "13905-2130", "ntee": "T12", "ruling": "201811", "deductibility": "1", "assets": 637, "income": 345, "revenue": 345}, {"ein": "845080686", "name": "EAST WARD COMMUNITY SERVICES INC", "city": "NEW YORK", "state": "NY", "zip": "10029-5001", "ntee": "S20", "ruling": "202005", "deductibility": "1", "assets": 0, "income": 0, "revenue": 0}, {"ein": "871143580", "name": "FRIENDS OF THE WARD HOUSE", "city": "TUCKAHOE", "state": "NY", "zip": "10707-0062", "ntee": "A80", "ruling": "202109", "deductibility": "1", "assets": 0, "income": 0, "revenue": 0}, {"ein": "872191278", "name": "19TH WARD COMMUNITY CATS INC", "city": "ROCHESTER", "state": "NY", "zip": "14619-1457", "ntee": "D20", "ruling": "202111", "deductibility": "1", "assets": 0, "income": 0, "revenue": 0}, {"ein": "882835464", "name": "WARD ACRES CONSERVANCY INC", "city": "NEW ROCHELLE", "state": "NY", "zip": "10804-0251", "ntee": "N32", "ruling": "202303", "deductibility": "1", "assets": 0, "income": 0, "revenue": 0}, {"ein": "883100798", "name": "3RD WARD COMMUNITY GROUP INC", "city": "MATTYDALE", "state": "NY", "zip": "13211-1407", "ntee": "S20", "ruling": "202211", "deductibility": "1", "assets": 0, "income": 0, "revenue": 0}], "CATHOLICS": [{"ein": "112472522", "name": "DIVORCED OR SEPARATED CATHOLICS OF LI NASSAU COUNTY CHAPTER 1 INC", "city": "BELLMORE", "state": "NY", "zip": "11710-3006", "ntee": "", "ruling": "198202", "deductibility": "2", "assets": 35417, "income": 32213, "revenue": 12092}, {"ein": "472227282", "name": "CATHOLICS FOR CATHOLICS INC", "city": "NORTH BALDWIN", "state": "NY", "zip": "11510-1105", "ntee": "X11", "ruling": "201412", "deductibility": "1", "assets": 0, "income": 0, "revenue": 0}, {"ein": "521154418", "name": "CATHOLICS FOR CHOICE", "city": "NEW YORK", "state": "NY", "zip": "10003-1502", "ntee": "R61Z", "ruling": "197908", "deductibility": "1", "assets": 14891745, "income": 7106925, "revenue": 2704544}], "AVRAHAM": [{"ein": "112483363", "name": "CHESED AVRAHAM DBA CHESSED AVROHOM HOUSING GEMACH", "city": "BROOKLYN", "state": "NY", "zip": "11230-4715", "ntee": "", "ruling": "197902", "deductibility": "1", "assets": 0, "income": 0, "revenue": 0}, {"ein": "112486064", "name": "TSHECHENOV INSTITUTIONS IN ISRAEL ZECHUTA D AVRAHAM", "city": "BROOKLYN", "state": "NY", "zip": "11204-1516", "ntee": "", "ruling": "197902", "deductibility": "1", "assets": 0, "income": 0, "revenue": 0}, {"ein": "112521902", "name": "GEMACH SHEL AVRAHAM", "city": "BROOKLYN", "state": "NY", "zip": "11211-7834", "ntee": "", "ruling": "198003", "deductibility": "1", "assets": 0, "income": 0, "revenue": 0}, {"ein": "112620774", "name": "MOISDOIS BEER AVRAHAM SLONIM INC", "city": "BROOKLYN", "state": "NY", "zip": "11204-1244", "ntee": "", "ruling": "198212", "deductibility": "1", "assets": 0, "income": 0, "revenue": 0}, {"ein": "112743445", "name": "BOTAY AISHEL AVRAHAM", "city": "BROOKLYN", "state": "NY", "zip": "11211-7206", "ntee": "", "ruling": "198508", "deductibility": "1", "assets": 0, "income": 0, "revenue": 0}, {"ein": "113165361", "name": "CONGREGATION ESHEL AVRAHAM", "city": "BROOKLYN", "state": "NY", "zip": "11230-5706", "ntee": "", "ruling": "199308", "deductibility": "1", "assets": 0, "income": 0, "revenue": 0}, {"ein": "113187592", "name": "AMERICAN FRIENDS OF NEVE AVRAHAM CHAYA MERMERSTEIN", "city": "BROOKLYN", "state": "NY", "zip": "11230-4706", "ntee": "E50", "ruling": "201408", "deductibility": "1", "assets": 3283, "income": 703066, "revenue": 703066}, {"ein": "113221321", "name": "CONGREGATION KOLEL LZKEINIM BAIS AVRAHAM VOHEL SARAH", "city": "BROOKLYN", "state": "NY", "zip": "11211-7103", "ntee": "X30Z", "ruling": "199512", "deductibility": "1", "assets": 0, "income": 0, "revenue": 0}, {"ein": "113356563", "name": "ESHEL AVRAHAM", "city": "BROOKLYN", "state": "NY", "zip": "11204-1227", "ntee": "X30Z", "ruling": "199705", "deductibility": "1", "assets": 0, "income": 0, "revenue": 0}, {"ein": "113449772", "name": "BAIS AVRAHAM TORAH CENTER OF THE FIVE TOWNS", "city": "CEDARHURST", "state": "NY", "zip": "11516-1220", "ntee": "X30", "ruling": "199904", "deductibility": "1", "assets": 0, "income": 0, "revenue": 0}, {"ein": "113508819", "name": "KOLLEL AVRAHAM", "city": "BROOKLYN", "state": "NY", "zip": "11210-3637", "ntee": "X30", "ruling": "199912", "deductibility": "1", "assets": 0, "income": 0, "revenue": 0}, {"ein": "113524807", "name": "AVRAHAM EZKOR", "city": "BROOKLYN", "state": "NY", "zip": "11204-1404", "ntee": "X990", "ruling": "200006", "deductibility": "1", "assets": 0, "income": 0, "revenue": 0}, {"ein": "113538112", "name": "BAIS AVRAHAM CHAIM", "city": "BROOKLYN", "state": "NY", "zip": "11211-8101", "ntee": "X30", "ruling": "200005", "deductibility": "1", "assets": 0, "income": 0, "revenue": 0}, {"ein": "132755997", "name": "CONGREGATION AYSHEL AVRAHAM", "city": "BROOKLYN", "state": "NY", "zip": "11219-0234", "ntee": "", "ruling": "197403", "deductibility": "1", "assets": 0, "income": 0, "revenue": 0}, {"ein": "133541960", "name": "CONGREGATION B NEI AVRAHAM", "city": "MONSEY", "state": "NY", "zip": "10952-3335", "ntee": "", "ruling": "199010", "deductibility": "1", "assets": 0, "income": 0, "revenue": 0}, {"ein": "133563527", "name": "YAD AVRAHAM INC", "city": "NEW YORK", "state": "NY", "zip": "10021-7209", "ntee": "", "ruling": "199008", "deductibility": "1", "assets": 0, "income": 0, "revenue": 0}, {"ein": "133782164", "name": "AGUDAS YAD AVRAHAM", "city": "NEW SQUARE", "state": "NY", "zip": "10977-1930", "ntee": "", "ruling": "199409", "deductibility": "0", "assets": 0, "income": 0, "revenue": 0}, {"ein": "133841727", "name": "CONGREGATION TIFERETH AVRAHAM", "city": "MONSEY", "state": "NY", "zip": "10952-2433", "ntee": "X99Z", "ruling": "199508", "deductibility": "1", "assets": 0, "income": 0, "revenue": 0}, {"ein": "134087567", "name": "YAD AVRAHAM OF NEW YORK INC", "city": "NEW YORK", "state": "NY", "zip": "10019-9000", "ntee": "X30", "ruling": "200103", "deductibility": "1", "assets": 0, "income": 0, "revenue": 0}, {"ein": "141776400", "name": "CONGREGATION OHEL AVRAHAM LIEBER LIEBERMAN", "city": "STATEN ISLAND", "state": "NY", "zip": "10314-4119", "ntee": "X30Z", "ruling": "199605", "deductibility": "1", "assets": 0, "income": 0, "revenue": 0}, {"ein": "200793041", "name": "CONGREGATION NISHMAS AVRAHAM", "city": "BROOKLYN", "state": "NY", "zip": "11219-4043", "ntee": "X30", "ruling": "200408", "deductibility": "1", "assets": 0, "income": 0, "revenue": 0}, {"ein": "203628181", "name": "AMERICAN FRIENDS OF AGUDATH BEIT AVRAHAM INC", "city": "BROOKLYN", "state": "NY", "zip": "11210-4732", "ntee": "X30", "ruling": "200604", "deductibility": "1", "assets": 1, "income": 0, "revenue": 0}, {"ein": "237411619", "name": "AISHEL AVRAHAM RESIDENTIAL HEALTH FACILITY INC", "city": "BROOKLYN", "state": "NY", "zip": "11219-4313", "ntee": "E91Z", "ruling": "197411", "deductibility": "1", "assets": 4880313, "income": 1790972, "revenue": 1790972}, {"ein": "271198986", "name": "MOGEN AVRAHAM FOUNDATION", "city": "REGO PARK", "state": "NY", "zip": "11374-3866", "ntee": "T22", "ruling": "201003", "deductibility": "1", "assets": 40, "income": 10058, "revenue": 0}, {"ein": "371655203", "name": "MAGEN AVRAHAM OF BROOKLYN", "city": "BROOKLYN", "state": "NY", "zip": "11223-4101", "ntee": "X30", "ruling": "201209", "deductibility": "1", "assets": 0, "income": 0, "revenue": 0}, {"ein": "465329831", "name": "TZIDKAS AVRAHAM INC", "city": "BRONX", "state": "NY", "zip": "10457-7318", "ntee": "P60", "ruling": "201807", "deductibility": "1", "assets": 132029, "income": 1038279, "revenue": 1038279}, {"ein": "770594854", "name": "ESHEL AVRAHAM ORGANIZATION INC", "city": "KEW GARDEN HL", "state": "NY", "zip": "11367-1735", "ntee": "X30", "ruling": "200401", "deductibility": "1", "assets": 0, "income": 0, "revenue": 0}, {"ein": "814071148", "name": "NER AVRAHAM", "city": "FLUSHING", "state": "NY", "zip": "11367-2313", "ntee": "X30", "ruling": "201707", "deductibility": "1", "assets": 152991, "income": 502287, "revenue": 502287}, {"ein": "814706156", "name": "AVODAT AVRAHAM INC", "city": "BROOKLYN", "state": "NY", "zip": "11218-2097", "ntee": "X30", "ruling": "201706", "deductibility": "1", "assets": 25295, "income": 45817, "revenue": 0}, {"ein": "823805759", "name": "CHESED LE AVRAHAM", "city": "BROOKLYN", "state": "NY", "zip": "11223-4038", "ntee": "X12", "ruling": "201804", "deductibility": "1", "assets": 0, "income": 0, "revenue": 0}, {"ein": "823917722", "name": "NISHMAT AVRAHAM INC", "city": "BROOKLYN", "state": "NY", "zip": "11235-6104", "ntee": "T30", "ruling": "201903", "deductibility": "1", "assets": 61802, "income": 674881, "revenue": 674881}, {"ein": "842513637", "name": "NACHAL AVRAHAM", "city": "BROOKLYN", "state": "NY", "zip": "11219-3823", "ntee": "T30", "ruling": "202110", "deductibility": "1", "assets": 17326, "income": 147681, "revenue": 147681}, {"ein": "870971747", "name": "KOLLEL AYSHEL AVRAHAM", "city": "BROOKLYN", "state": "NY", "zip": "11219-4433", "ntee": "X30", "ruling": "202211", "deductibility": "1", "assets": 0, "income": 0, "revenue": 0}, {"ein": "884240576", "name": "YESHIVA TIFERES AVRAHAM YERUSHALAIM", "city": "MONSEY", "state": "NY", "zip": "10952-2714", "ntee": "X30", "ruling": "202307", "deductibility": "1", "assets": 0, "income": 0, "revenue": 0}, {"ein": "921900825", "name": "CONGREGATION LEV AVRAHAM INC", "city": "BROOKLYN", "state": "NY", "zip": "11210-4822", "ntee": "X30", "ruling": "202304", "deductibility": "1", "assets": 0, "income": 0, "revenue": 0}, {"ein": "923318095", "name": "ZICHRON MORDECHAI AVRAHAM INC", "city": "BROOKLYN", "state": "NY", "zip": "11204-1924", "ntee": "X30", "ruling": "202402", "deductibility": "1", "assets": 0, "income": 0, "revenue": 0}, {"ein": "990432610", "name": "AMERICAN FRIENDS OF BET AVRAHAM", "city": "NEW YORK", "state": "NY", "zip": "10030-2877", "ntee": "O12", "ruling": "202409", "deductibility": "1", "assets": 0, "income": 0, "revenue": 0}, {"ein": "991109936", "name": "TZIDKAS AVRAHAM BEINISH", "city": "WOODMERE", "state": "NY", "zip": "11598-5021", "ntee": "X30", "ruling": "202408", "deductibility": "1", "assets": 0, "income": 0, "revenue": 0}, {"ein": "995103961", "name": "OHEL AVRAHAM INC", "city": "BROOKLYN", "state": "NY", "zip": "11219-4701", "ntee": "X30", "ruling": "202410", "deductibility": "1", "assets": 0, "income": 0, "revenue": 0}], "ISLIPS": [{"ein": "112567320", "name": "EXCHANGE AMBULANCE CORPORATION OF THE ISLIPS", "city": "EAST ISLIP", "state": "NY", "zip": "11730-1802", "ntee": "E62Z", "ruling": "198401", "deductibility": "1", "assets": 3102608, "income": 4224730, "revenue": 3213615}, {"ein": "113032104", "name": "ISLIPS HOUSING DEVELOPMENT FUND COMPANY INC", "city": "BAY SHORE", "state": "NY", "zip": "11706-0416", "ntee": "L200", "ruling": "199312", "deductibility": "1", "assets": 4340651, "income": 1054273, "revenue": 1054273}, {"ein": "113426813", "name": "KIWANIS CLUB OF THE ISLIPS BAY SHORE FOUNDATION INC", "city": "ISLIP", "state": "NY", "zip": "11751-0543", "ntee": "P12", "ruling": "201807", "deductibility": "1", "assets": 0, "income": 0, "revenue": 0}, {"ein": "922242144", "name": "YOUTH SPORTS OF THE ISLIPS INC", "city": "ISLIP", "state": "NY", "zip": "11751-4119", "ntee": "N99", "ruling": "202304", "deductibility": "1", "assets": 0, "income": 0, "revenue": 0}, {"ein": "990864147", "name": "SOCIAL AND ATHLETIC CLUB OF THE ISLIPS INC", "city": "OAKDALE", "state": "NY", "zip": "11769-1626", "ntee": "W12", "ruling": "202403", "deductibility": "1", "assets": 7480, "income": 12640, "revenue": 0}], "MUCHNICK": [{"ein": "112587660", "name": "MUCHNICK FAMILY FOUNDATION", "city": "BLUE POINT", "state": "NY", "zip": "11715-0010", "ntee": "", "ruling": "198202", "deductibility": "1", "assets": 58242, "income": 8757, "revenue": 0}], "TROOP": [{"ein": "112594686", "name": "DADS CLUB OF TROOP ONE FLUSHING INCORPORATED", "city": "BAYSIDE", "state": "NY", "zip": "11360-2358", "ntee": "", "ruling": "198205", "deductibility": "1", "assets": 98874, "income": 29522, "revenue": 29098}, {"ein": "112779550", "name": "TROOP 310 GREATER NY COUNCILS BOY SCOUTS OF AMERICA", "city": "STATEN ISLAND", "state": "NY", "zip": "10312-3704", "ntee": "", "ruling": "199412", "deductibility": "1", "assets": 0, "income": 0, "revenue": 0}, {"ein": "113014886", "name": "HOMENETMEN OF NEW YORK BOY SCOUT TROOP 1918 INC", "city": "GARDEN CITY", "state": "NY", "zip": "11530-3043", "ntee": "O41", "ruling": "200105", "deductibility": "2", "assets": 0, "income": 0, "revenue": 0}, {"ein": "113435775", "name": "TROOP 71 FOUNDATION", "city": "MANHASSET", "state": "NY", "zip": "11030-2140", "ntee": "O41", "ruling": "201202", "deductibility": "1", "assets": 0, "income": 0, "revenue": 0}, {"ein": "113486624", "name": "TROOP 1634", "city": "WEST BABYLON", "state": "NY", "zip": "11704-7711", "ntee": "", "ruling": "202111", "deductibility": "1", "assets": 0, "income": 0, "revenue": 0}, {"ein": "141701072", "name": "TROOP K SCHOLARSHIP FUND", "city": "SALT POINT", "state": "NY", "zip": "12578-0000", "ntee": "B82Z", "ruling": "199110", "deductibility": "1", "assets": 0, "income": 0, "revenue": 0}, {"ein": "204405199", "name": "TROOP 403", "city": "E NORTHPORT", "state": "NY", "zip": "11731-5406", "ntee": "O41", "ruling": "202312", "deductibility": "1", "assets": 0, "income": 0, "revenue": 0}, {"ein": "301315472", "name": "FRIENDS OF TROOP 422 NEW YORK INC", "city": "NEW YORK", "state": "NY", "zip": "10002-5953", "ntee": "O41", "ruling": "202211", "deductibility": "1", "assets": 0, "income": 0, "revenue": 0}, {"ein": "460955422", "name": "MED TROOP YOUTH DIVISION INC", "city": "BROOKLYN", "state": "NY", "zip": "11216-4653", "ntee": "O50", "ruling": "201302", "deductibility": "1", "assets": 0, "income": 0, "revenue": 0}, {"ein": "464763141", "name": "BSA TROOP 152", "city": "FAYETTEVILLE", "state": "NY", "zip": "13066-2271", "ntee": "O41", "ruling": "201801", "deductibility": "1", "assets": 0, "income": 0, "revenue": 0}, {"ein": "472533494", "name": "TROOP 73 OF WHITE PLAINS INC", "city": "WHITE PLAINS", "state": "NY", "zip": "10605-1440", "ntee": "O41", "ruling": "201504", "deductibility": "1", "assets": 0, "income": 0, "revenue": 0}, {"ein": "475197414", "name": "SCOUT TROOP AND PACK 25 INC", "city": "SCARSDALE", "state": "NY", "zip": "10583-4740", "ntee": "O40", "ruling": "201609", "deductibility": "1", "assets": 0, "income": 0, "revenue": 0}, {"ein": "475531821", "name": "BOY SCOUT TROOP 100 HOLTSVILLE", "city": "FARMINGVILLE", "state": "NY", "zip": "11738-1615", "ntee": "O41", "ruling": "202112", "deductibility": "1", "assets": 0, "income": 0, "revenue": 0}, {"ein": "813355590", "name": "FRIENDS OF PACK AND TROOP 253 INC", "city": "FLUSHING", "state": "NY", "zip": "11355-2649", "ntee": "B99", "ruling": "201608", "deductibility": "1", "assets": 0, "income": 0, "revenue": 0}, {"ein": "824169434", "name": "FRIENDS OF TAY HOUSE TROOP 19 INC", "city": "ROCHESTER", "state": "NY", "zip": "14618-1806", "ntee": "O41", "ruling": "201905", "deductibility": "1", "assets": 0, "income": 0, "revenue": 0}, {"ein": "830860324", "name": "BSA TROOP 3042", "city": "TIVOLI", "state": "NY", "zip": "12583-5516", "ntee": "O41", "ruling": "202001", "deductibility": "1", "assets": 0, "income": 0, "revenue": 0}, {"ein": "833857332", "name": "FRIENDS OF TROOP 187 INC", "city": "BROOKLYN", "state": "NY", "zip": "11218-1407", "ntee": "O20", "ruling": "201905", "deductibility": "1", "assets": 0, "income": 0, "revenue": 0}, {"ein": "933136288", "name": "HOOPS TROOP SPORTS ACADEMY INC", "city": "LAURELTON", "state": "NY", "zip": "11413-2537", "ntee": "N62", "ruling": "202403", "deductibility": "1", "assets": 0, "income": 0, "revenue": 0}], "AHRON": [{"ein": "112607295", "name": "CONG TEHILOS YOEL ZICHRON MOSHE ELYA BEN CHAIM AHRON INC", "city": "BROOKLYN", "state": "NY", "zip": "11219-4647", "ntee": "", "ruling": "198211", "deductibility": "1", "assets": 0, "income": 0, "revenue": 0}, {"ein": "133320983", "name": "ATERET AHRON", "city": "NEW YORK", "state": "NY", "zip": "10036-3303", "ntee": "", "ruling": "198603", "deductibility": "1", "assets": 0, "income": 0, "revenue": 0}, {"ein": "202350703", "name": "CONGREGATION LEV AHRON INC", "city": "MONROE", "state": "NY", "zip": "10950-9115", "ntee": "X21", "ruling": "201510", "deductibility": "1", "assets": 0, "income": 0, "revenue": 0}, {"ein": "263033642", "name": "CONG MATEH AHRON INC", "city": "BROOKLYN", "state": "NY", "zip": "11219-1234", "ntee": "X30", "ruling": "201511", "deductibility": "1", "assets": 0, "income": 0, "revenue": 0}, {"ein": "472938423", "name": "BETH AHRON VISRAEL - BAVI CHESED FUND INC", "city": "BROOKLYN", "state": "NY", "zip": "11218-4966", "ntee": "X12", "ruling": "201709", "deductibility": "1", "assets": 41128, "income": 210406, "revenue": 210406}, {"ein": "871536550", "name": "YAD AHRON INC", "city": "BROOKLYN", "state": "NY", "zip": "11204-1482", "ntee": "P12", "ruling": "202110", "deductibility": "1", "assets": 0, "income": 0, "revenue": 0}], "GEORGIAN": [{"ein": "112632841", "name": "CONGREGATION OF GEORGIAN JEWS FROM RUSSIA", "city": "FOREST HILLS", "state": "NY", "zip": "11375-0000", "ntee": "X30", "ruling": "200912", "deductibility": "1", "assets": 0, "income": 0, "revenue": 0}, {"ein": "113085234", "name": "CHABAD ASSOCIATION FOR GEORGIAN JEW INC", "city": "REGO PARK", "state": "NY", "zip": "11374-4637", "ntee": "", "ruling": "199311", "deductibility": "1", "assets": 0, "income": 0, "revenue": 0}, {"ein": "133541450", "name": "AMERICAN FRIENDS OF THE GEORGIAN GROUP INC", "city": "NEW YORK", "state": "NY", "zip": "10168-0002", "ntee": "", "ruling": "199003", "deductibility": "1", "assets": 123887, "income": 33095, "revenue": 33095}, {"ein": "133902475", "name": "ST NINO GEORGIAN ORTHODOX CHURCH", "city": "BROOKLYN", "state": "NY", "zip": "11235-8960", "ntee": "", "ruling": "197210", "deductibility": "1", "assets": 1000437, "income": 234598, "revenue": 234598}, {"ein": "461336673", "name": "THE NATIVITY OF THE THEOTOKOS GEORGIAN CHURCH IN BROOKLYN", "city": "BROOKLYN", "state": "NY", "zip": "11223-3725", "ntee": "X20", "ruling": "201407", "deductibility": "1", "assets": 0, "income": 0, "revenue": 0}, {"ein": "812851672", "name": "VENERABLE ELDER GABRIEL GEORGIAN CHRISTIAN ORTHODOX CHURCH IN MONRO", "city": "HARRIMAN", "state": "NY", "zip": "10926-3223", "ntee": "X20", "ruling": "202303", "deductibility": "1", "assets": 0, "income": 0, "revenue": 0}, {"ein": "852670572", "name": "GEORGIAN AMERICAN WOMENS ALLIANCE INC", "city": "STATEN ISLAND", "state": "NY", "zip": "10301-4402", "ntee": "R24", "ruling": "202101", "deductibility": "1", "assets": 0, "income": 0, "revenue": 0}, {"ein": "861385911", "name": "GEORGIAN AMERICAN WOMENS ASSOCIATION INC", "city": "BROOKLYN", "state": "NY", "zip": "11223-5915", "ntee": "R24", "ruling": "202103", "deductibility": "1", "assets": 0, "income": 0, "revenue": 0}, {"ein": "884132751", "name": "LIBERTY GEORGIAN ARMS HOUSING DEVELOPMENT FUND COMPANY INC", "city": "ROME", "state": "NY", "zip": "13440-5849", "ntee": "L21", "ruling": "202506", "deductibility": "1", "assets": 3240147, "income": 366338, "revenue": 366338}], "ANG": [{"ein": "112758569", "name": "JOONG ANG PRESBYTERIAN CHURCH OF NEW YORK", "city": "WOODSIDE", "state": "NY", "zip": "11377-2030", "ntee": "", "ruling": "198608", "deductibility": "1", "assets": 0, "income": 0, "revenue": 0}, {"ein": "113239442", "name": "KOREAN PRESBYTERIAN CHURCH OF N Y CHUNG ANG SAN JUNG HYUN", "city": "GLENDALE", "state": "NY", "zip": "11385-7821", "ntee": "X21", "ruling": "200206", "deductibility": "1", "assets": 0, "income": 0, "revenue": 0}, {"ein": "204356060", "name": "CHUNG ANG UNIVERSITY ALUMNI NY INC", "city": "NEW YORK", "state": "NY", "zip": "10001-3025", "ntee": "B82", "ruling": "201504", "deductibility": "1", "assets": 0, "income": 0, "revenue": 0}, {"ein": "263920143", "name": "HYOLMO ANG YANGRI KYIDUG USA INC", "city": "JACKSON HTS", "state": "NY", "zip": "11372-1140", "ntee": "S80", "ruling": "201508", "deductibility": "1", "assets": 0, "income": 0, "revenue": 0}, {"ein": "900418678", "name": "CYBERPOINTERS ANG", "city": "WILLIAMSVILLE", "state": "NY", "zip": "14221-4733", "ntee": "A25", "ruling": "201906", "deductibility": "1", "assets": 0, "income": 0, "revenue": 0}], "PERSIAN": [{"ein": "112785193", "name": "PERSIAN CONGREGATION OF FLATBUSH", "city": "BROOKLYN", "state": "NY", "zip": "11230-6453", "ntee": "", "ruling": "198604", "deductibility": "1", "assets": 0, "income": 0, "revenue": 0}, {"ein": "201997943", "name": "PERSIAN PARADE FOUNDATION INC", "city": "NEW YORK", "state": "NY", "zip": "10023-7205", "ntee": "N52", "ruling": "200611", "deductibility": "1", "assets": 31088, "income": 67043, "revenue": 58383}, {"ein": "271964870", "name": "PERSIAN JEWISH CENTER OF MANHATTAN", "city": "NEW YORK", "state": "NY", "zip": "10018-0004", "ntee": "X30", "ruling": "201103", "deductibility": "1", "assets": 0, "income": 0, "revenue": 0}, {"ein": "823819890", "name": "PERSIAN LIFE FOUNDATION INC", "city": "REGO PARK", "state": "NY", "zip": "11374-3655", "ntee": "Q21", "ruling": "201806", "deductibility": "1", "assets": 1, "income": 0, "revenue": 0}, {"ein": "853595185", "name": "PERSIAN SHUL OF MARINE PARK", "city": "BROOKLYN", "state": "NY", "zip": "11234-2605", "ntee": "X30", "ruling": "202104", "deductibility": "1", "assets": 0, "income": 0, "revenue": 0}], "PRINCIPE": [{"ein": "112986652", "name": "PRIMERA IGLESIA DE DIOS PENTECOSTAL PRINCIPE DE PAS INC", "city": "BROOKLYN", "state": "NY", "zip": "11225-2009", "ntee": "X21", "ruling": "200106", "deductibility": "1", "assets": 0, "income": 0, "revenue": 0}, {"ein": "113325341", "name": "IGLESIA EVANGELICA PRINCIPE DE PAZ", "city": "BROOKLYN", "state": "NY", "zip": "11220-1522", "ntee": "X200", "ruling": "196408", "deductibility": "1", "assets": 0, "income": 0, "revenue": 0}, {"ein": "113640184", "name": "IGLESIA EVANGELICA DE EL PRINCIPE", "city": "FREEPORT", "state": "NY", "zip": "11520-3841", "ntee": "X20", "ruling": "200308", "deductibility": "1", "assets": 0, "income": 0, "revenue": 0}, {"ein": "264836527", "name": "IGLESIA METODISTA JESUS PRINCIPE DE PAZ", "city": "YONKERS", "state": "NY", "zip": "10701-3111", "ntee": "", "ruling": "195806", "deductibility": "1", "assets": 0, "income": 0, "revenue": 0}, {"ein": "770663872", "name": "PRINCIPE PRODUCTIONS INC", "city": "NEW YORK", "state": "NY", "zip": "10025-1828", "ntee": "Q70", "ruling": "201409", "deductibility": "1", "assets": 239854, "income": 100781, "revenue": 100781}], "EASTHAMPTON": [{"ein": "113086060", "name": "EASTHAMPTON LANDINGS HOMEOWNERS ASSOCIATION INC", "city": "EAST HAMPTON", "state": "NY", "zip": "11937-0395", "ntee": "L50", "ruling": "200002", "deductibility": "2", "assets": 0, "income": 0, "revenue": 0}], "PAIX": [{"ein": "113117105", "name": "EGLISE EVANGELIQUE DE LA PAIX INC", "city": "BROOKLYN", "state": "NY", "zip": "11212-3930", "ntee": "Z99Z", "ruling": "199502", "deductibility": "1", "assets": 0, "income": 0, "revenue": 0}, {"ein": "611594862", "name": "EGLISE DE DIEU PRINCE DE LA PAIX", "city": "BROOKLYN", "state": "NY", "zip": "11226-7107", "ntee": "X20", "ruling": "201003", "deductibility": "1", "assets": 0, "income": 0, "revenue": 0}, {"ein": "825063505", "name": "HAITI MOUVEMENT POUR LA PAIX", "city": "ROOSEVELT", "state": "NY", "zip": "11575-2211", "ntee": "T50", "ruling": "201805", "deductibility": "1", "assets": 0, "income": 14650, "revenue": 14650}], "SEPHARADIC": [{"ein": "113127249", "name": "SEPHARADIC HERITAGE ALLIANCE INC", "city": "GREAT NECK", "state": "NY", "zip": "11023-0025", "ntee": "X11", "ruling": "202312", "deductibility": "1", "assets": 282795, "income": 250662, "revenue": 161532}, {"ein": "453850816", "name": "SEPHARADIC RABBINICAL FUNDS INC", "city": "FLUSHING", "state": "NY", "zip": "11367-7003", "ntee": "B82", "ruling": "201210", "deductibility": "1", "assets": 0, "income": 0, "revenue": 0}], "RITA": [{"ein": "113134230", "name": "RITA & HENRY KAPLAN FOUNDATION", "city": "GREAT NECK", "state": "NY", "zip": "11020-1232", "ntee": "", "ruling": "199306", "deductibility": "1", "assets": 961387, "income": 271456, "revenue": 0}, {"ein": "116532361", "name": "YACOV AND RITA MARMURSTEIN CHARITABLE FOUNDATION TRUST", "city": "BROOKLYN", "state": "NY", "zip": "11204-1424", "ntee": "T20", "ruling": "200101", "deductibility": "1", "assets": 10417664, "income": 745579, "revenue": 0}, {"ein": "132560546", "name": "THE RITA AND ALEX HILLMAN FOUNDATION", "city": "NEW YORK", "state": "NY", "zip": "10003-1500", "ntee": "", "ruling": "196607", "deductibility": "1", "assets": 92468865, "income": 2208714, "revenue": 0}, {"ein": "133221298", "name": "RITA J AND STANLEY H KAPLAN FOUNDATION INC", "city": "NEW YORK", "state": "NY", "zip": "10022-3572", "ntee": "", "ruling": "198503", "deductibility": "1", "assets": 17893408, "income": 1955544, "revenue": 0}, {"ein": "133262903", "name": "RITA RUDEL FOUNDATION", "city": "NEW YORK", "state": "NY", "zip": "10176-0000", "ntee": "", "ruling": "198508", "deductibility": "1", "assets": 99508, "income": 2407, "revenue": 0}, {"ein": "133316656", "name": "HELEN & RITA LURIE FOUNDATION", "city": "NEW YORK", "state": "NY", "zip": "10004-0000", "ntee": "", "ruling": "198605", "deductibility": "1", "assets": 7527425, "income": 3486817, "revenue": 0}, {"ein": "133462782", "name": "RITA BHANDARI MEMORIAL FOUNDATION CORP", "city": "BROOKLYN", "state": "NY", "zip": "11201-3821", "ntee": "T20", "ruling": "199911", "deductibility": "1", "assets": 117485, "income": 7104, "revenue": 0}, {"ein": "137100740", "name": "RITA AND IRWIN HOCHBERG FAMILY FOUNDATION", "city": "NEW YORK", "state": "NY", "zip": "10123-4100", "ntee": "T20J", "ruling": "199709", "deductibility": "1", "assets": 4057, "income": 283, "revenue": 0}, {"ein": "141570284", "name": "CATHOLIC DAUGHTERS OF AMERICA 789 CT RITA", "city": "COLD SPRING", "state": "NY", "zip": "10516-3003", "ntee": "", "ruling": "197201", "deductibility": "0", "assets": 0, "income": 0, "revenue": 0}, {"ein": "264504896", "name": "ST RITA SCHOOL", "city": "WEBSTER", "state": "NY", "zip": "14580-1726", "ntee": "", "ruling": "194603", "deductibility": "1", "assets": 0, "income": 0, "revenue": 0}, {"ein": "276835382", "name": "RITA ALEXANDER IRRV LIVING TR", "city": "NEW YORK", "state": "NY", "zip": "10001-3884", "ntee": "H124", "ruling": "201103", "deductibility": "1", "assets": 2118397, "income": 657147, "revenue": 0}, {"ein": "320265569", "name": "ROSE H CHARLES AND RITA ARSHT FOUNDATION", "city": "HARTSDALE", "state": "NY", "zip": "10530-1350", "ntee": "T20", "ruling": "200902", "deductibility": "1", "assets": 828279, "income": 90398, "revenue": 0}, {"ein": "453516217", "name": "RITA AND BURT TANSKY FOUNDATION", "city": "ALBANY", "state": "NY", "zip": "12212-5201", "ntee": "T20", "ruling": "201208", "deductibility": "1", "assets": 4614221, "income": 3490674, "revenue": 0}, {"ein": "461747621", "name": "RITA J GARTH CHARITABLE FOUNDATION", "city": "BROOKLYN", "state": "NY", "zip": "11213-5103", "ntee": "P20", "ruling": "201407", "deductibility": "1", "assets": 856534, "income": 20717, "revenue": 0}, {"ein": "812638022", "name": "RITA AND FRANK CASTAGNA FAMILY FOUNDATION INC", "city": "MANHASSET", "state": "NY", "zip": "11030-3502", "ntee": "T22", "ruling": "201703", "deductibility": "1", "assets": 59230, "income": 260007, "revenue": 0}, {"ein": "812984103", "name": "ROMAN CATHOLIC CHURCH OF SAINT RITA OF CASCIA AND SAINT PIUS V", "city": "BRONX", "state": "NY", "zip": "10451-5709", "ntee": "", "ruling": "194603", "deductibility": "1", "assets": 0, "income": 0, "revenue": 0}, {"ein": "816608851", "name": "TRUST U W RITA@FARRANT", "city": "GLENS FALLS", "state": "NY", "zip": "12801-2161", "ntee": "T90", "ruling": "201708", "deductibility": "1", "assets": 1269184, "income": 368631, "revenue": 0}, {"ein": "872313736", "name": "BOB AND RITA MARLEY FOUNDATION INC", "city": "NEW YORK", "state": "NY", "zip": "10025-1934", "ntee": "T12", "ruling": "202201", "deductibility": "1", "assets": 42064, "income": 131737, "revenue": 131737}], "SARDIS": [{"ein": "113182189", "name": "SAINT BARBARA OF SARDIS TEMPLE INC", "city": "BROOKLYN", "state": "NY", "zip": "11225-0000", "ntee": "X99Z", "ruling": "199612", "deductibility": "1", "assets": 0, "income": 0, "revenue": 0}, {"ein": "113285252", "name": "SARDIS BAPTIST CHURCH", "city": "BRONX", "state": "NY", "zip": "10457-1333", "ntee": "X20", "ruling": "200902", "deductibility": "1", "assets": 0, "income": 0, "revenue": 0}], "WAT": [{"ein": "113240608", "name": "WAT BUDDHA THAI THAVORNVANARAM OF NEW YORK INC", "city": "ELMHURST", "state": "NY", "zip": "11373-2927", "ntee": "X50Z", "ruling": "199503", "deductibility": "1", "assets": 0, "income": 0, "revenue": 0}, {"ein": "133624712", "name": "WAT USA - BUDDHAYARAM TEMPLE NEW YORK", "city": "BRONX", "state": "NY", "zip": "10457-2902", "ntee": "", "ruling": "199409", "deductibility": "1", "assets": 0, "income": 0, "revenue": 0}, {"ein": "161451222", "name": "WAT LAO ASOKARARM OF ROCHESTER NEW YORK", "city": "ROCHESTER", "state": "NY", "zip": "14605-1159", "ntee": "X500", "ruling": "200908", "deductibility": "1", "assets": 0, "income": 0, "revenue": 0}, {"ein": "161461630", "name": "WAT PA LAO BUDDHADHAM INC", "city": "W HENRIETTA", "state": "NY", "zip": "14586-9539", "ntee": "X99Z", "ruling": "199603", "deductibility": "1", "assets": 0, "income": 0, "revenue": 0}, {"ein": "161486097", "name": "WAT LAO SAMAKHITHAM INC", "city": "CASTLE CREEK", "state": "NY", "zip": "13744-0000", "ntee": "X99Z", "ruling": "199704", "deductibility": "1", "assets": 0, "income": 0, "revenue": 0}, {"ein": "342055656", "name": "WAT SATHEATHEK UTICARAM", "city": "UTICA", "state": "NY", "zip": "13501-4953", "ntee": "X50", "ruling": "200609", "deductibility": "1", "assets": 0, "income": 0, "revenue": 0}, {"ein": "831386581", "name": "WAT PRODKETCHETTHARAM OF AMERICA INC", "city": "GRAND ISLAND", "state": "NY", "zip": "14072-0000", "ntee": "X50", "ruling": "201905", "deductibility": "1", "assets": 0, "income": 0, "revenue": 0}, {"ein": "843260519", "name": "WAT BUDDAKUNARAM BUDDHIST TEMPLE OF BUFFALO", "city": "BUFFALO", "state": "NY", "zip": "14213-2214", "ntee": "X50", "ruling": "202010", "deductibility": "1", "assets": 0, "income": 0, "revenue": 0}, {"ein": "872831350", "name": "WAT BUDDHAKUNARAM BUDDHIST TEMPLE OF NIAGARA FALLS INC", "city": "NIAGARA FALLS", "state": "NY", "zip": "14304-4559", "ntee": "X50", "ruling": "202307", "deductibility": "1", "assets": 0, "income": 0, "revenue": 0}, {"ein": "994514873", "name": "WAT PA THAI THAVORN ALBANY NY INC", "city": "DELANSON", "state": "NY", "zip": "12053-2917", "ntee": "X50", "ruling": "202408", "deductibility": "1", "assets": 0, "income": 0, "revenue": 0}], "ARTZEINU": [{"ein": "113321933", "name": "FRIENDS OF ZO ARTZEINU INC", "city": "CEDARHURST", "state": "NY", "zip": "11516-0241", "ntee": "B60", "ruling": "199701", "deductibility": "1", "assets": 278692, "income": 1151370, "revenue": 1151370}], "DJERUSALEM": [{"ein": "113328503", "name": "KOLEL YETEV LEV DJERUSALEM", "city": "BROOKLYN", "state": "NY", "zip": "11211-8511", "ntee": "X30Z", "ruling": "199608", "deductibility": "1", "assets": 0, "income": 0, "revenue": 0}], "HANER": [{"ein": "113333983", "name": "OHR HANER", "city": "BROOKLYN", "state": "NY", "zip": "11204-1420", "ntee": "X99Z", "ruling": "199610", "deductibility": "1", "assets": 0, "income": 0, "revenue": 0}], "HERSEY": [{"ein": "113407602", "name": "DR ALBERTA HERSEY FOUNDATION INC", "city": "GLEN COVE", "state": "NY", "zip": "11542-3525", "ntee": "P60", "ruling": "199802", "deductibility": "1", "assets": 0, "income": 0, "revenue": 0}], "DINA": [{"ein": "113467969", "name": "KEREN CHASDAI DINA", "city": "BROOKLYN", "state": "NY", "zip": "11211-0348", "ntee": "X30", "ruling": "199904", "deductibility": "1", "assets": 0, "income": 0, "revenue": 0}, {"ein": "133052489", "name": "ROY J ZUCKERBERG FAMILY FOUNDATION LLOYD P & DINA R ZUCKERBERG TTEES", "city": "NEW YORK", "state": "NY", "zip": "10022-8110", "ntee": "", "ruling": "198112", "deductibility": "1", "assets": 27617377, "income": 33932177, "revenue": 0}, {"ein": "133225000", "name": "THE SANFORD AND DINA ROSENBLUM FOUNDATION KAREN MARTINO VALLE ESQ", "city": "ALBANY", "state": "NY", "zip": "12208-1813", "ntee": "", "ruling": "198412", "deductibility": "1", "assets": 132, "income": 30000, "revenue": 0}, {"ein": "207162614", "name": "SIMON DINA AND HENRY BRATTCHARITABLE TRUST", "city": "BARDONIA", "state": "NY", "zip": "10954-9364", "ntee": "T22", "ruling": "200703", "deductibility": "1", "assets": 3466730, "income": 655204, "revenue": 0}, {"ein": "274981127", "name": "DINA MCGOWAN MEMORIAL FOUNDATION INC", "city": "DIX HILLS", "state": "NY", "zip": "11746-4921", "ntee": "T30", "ruling": "201109", "deductibility": "1", "assets": 0, "income": 0, "revenue": 0}, {"ein": "300125015", "name": "THE DINA AND RAPHAEL RECANATI FAMILY FOUNDATION", "city": "NEW YORK", "state": "NY", "zip": "10036-6708", "ntee": "T90", "ruling": "200212", "deductibility": "1", "assets": 20169984, "income": 25179977, "revenue": 0}, {"ein": "454799778", "name": "DINA AND ANDREW WALLACH FOUNDATION", "city": "PURCHASE", "state": "NY", "zip": "10577-0000", "ntee": "T20", "ruling": "201207", "deductibility": "1", "assets": 16211490, "income": 10137710, "revenue": 0}, {"ein": "981522783", "name": "DINA RECANATI ART FOUNDATION LTD", "city": "NEW YORK", "state": "NY", "zip": "10036-6700", "ntee": "A51", "ruling": "202005", "deductibility": "2", "assets": 2969325, "income": 461400, "revenue": 461400}], "NISUIN": [{"ein": "113472664", "name": "KUPAT EIZER NISUIN BAIS YISROEL", "city": "BROOKLYN", "state": "NY", "zip": "11204-1313", "ntee": "X30", "ruling": "200004", "deductibility": "1", "assets": 0, "income": 0, "revenue": 0}, {"ein": "651225520", "name": "EZER NISUIN INC", "city": "MONSEY", "state": "NY", "zip": "10952-2527", "ntee": "X12", "ruling": "200510", "deductibility": "1", "assets": 0, "income": 0, "revenue": 0}, {"ein": "842342205", "name": "KEREN SIMCHAS NISUIN INC", "city": "BROOKLYN", "state": "NY", "zip": "11219-3011", "ntee": "P12", "ruling": "202112", "deductibility": "1", "assets": 0, "income": 0, "revenue": 0}], "TAUHEED": [{"ein": "113508708", "name": "ISHAAT-O-TAUHEED AL SUNNAH", "city": "BROOKLYN", "state": "NY", "zip": "11209-5035", "ntee": "X40", "ruling": "200106", "deductibility": "1", "assets": 0, "income": 0, "revenue": 0}, {"ein": "202965808", "name": "TAUHEED CENTER FOR HUMAN EXCELLENCE", "city": "BROOKLYN", "state": "NY", "zip": "11216-1617", "ntee": "X40", "ruling": "200911", "deductibility": "1", "assets": 0, "income": 0, "revenue": 0}], "SHARING": [{"ein": "113515639", "name": "SHARING PRESBYTERIAN CHURCH OF NEW YORK INC", "city": "FLUSHING", "state": "NY", "zip": "11354-3436", "ntee": "X21", "ruling": "200005", "deductibility": "1", "assets": 0, "income": 0, "revenue": 0}, {"ein": "113545055", "name": "SHARING PRESBYTERIAN CHURCH", "city": "FLUSHING", "state": "NY", "zip": "11354-2827", "ntee": "X21", "ruling": "200006", "deductibility": "1", "assets": 0, "income": 0, "revenue": 0}, {"ein": "133454501", "name": "LIFE EXPERIENCE AND FAITH SHARING ASSOCIATION", "city": "NEW YORK", "state": "NY", "zip": "10035-2900", "ntee": "", "ruling": "194603", "deductibility": "1", "assets": 0, "income": 0, "revenue": 0}, {"ein": "161510873", "name": "SHARING AND CARING CHRISTIAN MINISTRY INC", "city": "ROCHESTER", "state": "NY", "zip": "14611-1342", "ntee": "X20", "ruling": "200812", "deductibility": "1", "assets": 0, "income": 0, "revenue": 0}, {"ein": "262492680", "name": "NEW YORK WOMEN SHARING ART INC", "city": "BAYPORT", "state": "NY", "zip": "11705-0938", "ntee": "A20", "ruling": "200907", "deductibility": "1", "assets": 0, "income": 0, "revenue": 0}, {"ein": "263447613", "name": "CARING & SHARING JUNIOR CENTER", "city": "ROCHESTER", "state": "NY", "zip": "14609-6205", "ntee": "P50", "ruling": "200906", "deductibility": "1", "assets": 0, "income": 0, "revenue": 0}, {"ein": "273204856", "name": "CARING AND SHARING OF NY INC", "city": "BROOKLYN", "state": "NY", "zip": "11205-0216", "ntee": "E80", "ruling": "201106", "deductibility": "1", "assets": 4127, "income": 100251, "revenue": 100251}, {"ein": "275528200", "name": "JOY OF SHARING USA INC", "city": "MASPETH", "state": "NY", "zip": "11378-1526", "ntee": "X20", "ruling": "201108", "deductibility": "1", "assets": 0, "income": 0, "revenue": 0}, {"ein": "454134508", "name": "ORGANIC GROWERS RESEARCH AND INFORMATION-SHARING NETWORK INC", "city": "BAINBRIDGE", "state": "NY", "zip": "13733-3360", "ntee": "K05", "ruling": "201310", "deductibility": "1", "assets": 31152, "income": 84939, "revenue": 84939}, {"ein": "814429023", "name": "NGO INFORMATION SHARING AND ANALYSIS CENTER INC", "city": "NEW YORK", "state": "NY", "zip": "10017-4675", "ntee": "W02", "ruling": "201807", "deductibility": "1", "assets": 0, "income": 0, "revenue": 0}, {"ein": "822409701", "name": "ASIAN NETWORK FOR LIFE SHARING INC", "city": "FLUSHING", "state": "NY", "zip": "11358-2057", "ntee": "X20", "ruling": "201708", "deductibility": "1", "assets": 0, "income": 0, "revenue": 0}, {"ein": "834094306", "name": "CIVIL INFORMATION SHARING PROJECT INCORPORATED", "city": "GERMANTOWN", "state": "NY", "zip": "12526-5026", "ntee": "M20", "ruling": "201909", "deductibility": "1", "assets": 0, "income": 0, "revenue": 0}, {"ein": "844315667", "name": "THE SHARING SHELF INC", "city": "PORT CHESTER", "state": "NY", "zip": "10573-5028", "ntee": "", "ruling": "202005", "deductibility": "1", "assets": 1341499, "income": 2318911, "revenue": 2299930}, {"ein": "851494006", "name": "SHARING BLESSINGS RD INC", "city": "NEW YORK", "state": "NY", "zip": "10040-1706", "ntee": "Q30", "ruling": "202303", "deductibility": "1", "assets": 0, "income": 0, "revenue": 0}, {"ein": "861941161", "name": "SHARING HOPE AFRICA INC", "city": "NEW YORK", "state": "NY", "zip": "10001-7800", "ntee": "B12", "ruling": "202503", "deductibility": "1", "assets": 0, "income": 0, "revenue": 0}, {"ein": "871845184", "name": "SHARING WITH YOU FOUNDATION INC", "city": "WHITESTONE", "state": "NY", "zip": "11357-1544", "ntee": "T50", "ruling": "202201", "deductibility": "1", "assets": 0, "income": 0, "revenue": 0}, {"ein": "873402644", "name": "SHARING VOICES INC", "city": "FLUSHING", "state": "NY", "zip": "11358-3826", "ntee": "B01", "ruling": "202202", "deductibility": "1", "assets": 1, "income": 0, "revenue": 0}, {"ein": "921709911", "name": "SHARING HANDS", "city": "ALBERTSON", "state": "NY", "zip": "11507-2016", "ntee": "X20", "ruling": "202303", "deductibility": "1", "assets": 0, "income": 0, "revenue": 0}, {"ein": "923001651", "name": "SHARING IS CARING INC", "city": "YONKERS", "state": "NY", "zip": "10705-2539", "ntee": "T50", "ruling": "202305", "deductibility": "1", "assets": 0, "income": 0, "revenue": 0}, {"ein": "923789588", "name": "SHARING JOY INC", "city": "FLUSHING", "state": "NY", "zip": "11358-2018", "ntee": "R01", "ruling": "202507", "deductibility": "1", "assets": 0, "income": 0, "revenue": 0}, {"ein": "931642774", "name": "SHARING HEARTS ORGANIZATION INC", "city": "BROOKLYN", "state": "NY", "zip": "11220-3609", "ntee": "P20", "ruling": "202306", "deductibility": "1", "assets": 0, "income": 0, "revenue": 0}], "ALEICHEM": [{"ein": "113548554", "name": "SHOLOM ALEICHEM NETWORK INC", "city": "SHELTER ISLAND", "state": "NY", "zip": "11964-0000", "ntee": "X83", "ruling": "201506", "deductibility": "1", "assets": 0, "income": 0, "revenue": 0}, {"ein": "135508949", "name": "SHOLEM ALEICHEM FOLK INSTITUTE INC", "city": "BRONX", "state": "NY", "zip": "10467-2809", "ntee": "", "ruling": "194205", "deductibility": "1", "assets": 0, "income": 0, "revenue": 0}], "ESRAA": [{"ein": "113557738", "name": "AL-ESRAA INC", "city": "ASTORIA", "state": "NY", "zip": "11106-3049", "ntee": "X40", "ruling": "200111", "deductibility": "1", "assets": 0, "income": 0, "revenue": 0}], "STEPPING": [{"ein": "113719468", "name": "STEPPING STONE PRODUCTIONS INC", "city": "PORT JEFF STA", "state": "NY", "zip": "11776-3409", "ntee": "A65", "ruling": "200502", "deductibility": "1", "assets": 0, "income": 0, "revenue": 0}, {"ein": "133031164", "name": "STEPPING STONES FOUNDATION", "city": "BEDFORD HILLS", "state": "NY", "zip": "10507-0452", "ntee": "", "ruling": "198108", "deductibility": "1", "assets": 13157414, "income": 980986, "revenue": 0}, {"ein": "274335946", "name": "STEPPING STONE MINISTRIES INC", "city": "LIMA", "state": "NY", "zip": "14485-9719", "ntee": "Q33", "ruling": "201312", "deductibility": "1", "assets": 0, "income": 0, "revenue": 0}, {"ein": "753190060", "name": "STEPPING STONE SUPPORT INC", "city": "EASTPORT", "state": "NY", "zip": "11941-1333", "ntee": "X11", "ruling": "200607", "deductibility": "1", "assets": 15209, "income": 76425, "revenue": 76425}, {"ein": "812649704", "name": "STEPPING OUT", "city": "TROY NY", "state": "NY", "zip": "12181-0000", "ntee": "S20", "ruling": "201703", "deductibility": "1", "assets": 0, "income": 0, "revenue": 0}, {"ein": "882913276", "name": "STEPPING OUT EMPOWERED INC", "city": "BRONX", "state": "NY", "zip": "10469-3320", "ntee": "P20", "ruling": "202502", "deductibility": "1", "assets": 0, "income": 0, "revenue": 0}, {"ein": "920344931", "name": "STEPPING STONES COMMUNITY CATS INC", "city": "HAMLIN", "state": "NY", "zip": "14464-9631", "ntee": "D20", "ruling": "202211", "deductibility": "1", "assets": 0, "income": 0, "revenue": 0}, {"ein": "991203553", "name": "STEPPING STONES SOBRIETY", "city": "EAST ISLIP", "state": "NY", "zip": "11730-2010", "ntee": "F21", "ruling": "202406", "deductibility": "1", "assets": 0, "income": 0, "revenue": 0}], "HISPANICO": [{"ein": "132685755", "name": "BALLET HISPANICO OF NEW YORK", "city": "NEW YORK", "state": "NY", "zip": "10024-1901", "ntee": "A620", "ruling": "197112", "deductibility": "1", "assets": 20298316, "income": 17367949, "revenue": 7064773}], "SCHMEELK": [{"ein": "133126387", "name": "PRISCILLA AND RICHARD J SCHMEELK FOUNDATION INC", "city": "MASSAPEQUA PK", "state": "NY", "zip": "11762-2741", "ntee": "", "ruling": "198209", "deductibility": "1", "assets": 608452, "income": 305115, "revenue": 0}], "RT": [{"ein": "133135014", "name": "FELLOWSHIP BAPTIST CHURCH RT 17M", "city": "CHESTER", "state": "NY", "zip": "10918-0000", "ntee": "", "ruling": "198212", "deductibility": "1", "assets": 0, "income": 0, "revenue": 0}, {"ein": "150626033", "name": "RT FEDERAL CREDIT UNION", "city": "ROME", "state": "NY", "zip": "13440-2342", "ntee": "", "ruling": "000000", "deductibility": "0", "assets": 0, "income": 0, "revenue": 0}], "MANITOGA": [{"ein": "133221841", "name": "MANITOGA INC", "city": "GARRISON", "state": "NY", "zip": "10524-0000", "ntee": "C600", "ruling": "198411", "deductibility": "1", "assets": 4287681, "income": 996434, "revenue": 968134}], "NOON": [{"ein": "133284401", "name": "THE NOON FOUNDATION INC", "city": "NEW YORK", "state": "NY", "zip": "10017-2416", "ntee": "", "ruling": "198512", "deductibility": "1", "assets": 7291073, "income": 9008831, "revenue": 0}, {"ein": "522140826", "name": "NOON INC", "city": "NEW YORK", "state": "NY", "zip": "10029-6914", "ntee": "A20", "ruling": "199906", "deductibility": "1", "assets": 41781, "income": 63608, "revenue": 0}, {"ein": "874381840", "name": "NOON DAY BREAD OF LIFE ASSEMBLY INC", "city": "BROOKLYN", "state": "NY", "zip": "11207-5701", "ntee": "X12", "ruling": "202503", "deductibility": "1", "assets": 0, "income": 0, "revenue": 0}], "HANLY": [{"ein": "133433075", "name": "KENNEDY-HANLY FOUNDATION INC", "city": "FOREST HILLS", "state": "NY", "zip": "11375-6132", "ntee": "", "ruling": "198809", "deductibility": "1", "assets": 353074, "income": 12612, "revenue": 0}], "HOOD": [{"ein": "133441066", "name": "ROBIN HOOD FOUNDATION", "city": "NEW YORK", "state": "NY", "zip": "10003-4826", "ntee": "T700", "ruling": "198904", "deductibility": "1", "assets": 308801119, "income": 205700761, "revenue": 134455897}, {"ein": "134100232", "name": "R HOOD INC", "city": "KINGS PARK", "state": "NY", "zip": "11754-1014", "ntee": "B80", "ruling": "200008", "deductibility": "1", "assets": 0, "income": 0, "revenue": 0}, {"ein": "161595533", "name": "NONNIE HOOD PARENT RESOURCE CENTER INC", "city": "CORNING", "state": "NY", "zip": "14830-2846", "ntee": "P33", "ruling": "200107", "deductibility": "1", "assets": 358380, "income": 307855, "revenue": 300287}, {"ein": "300721922", "name": "ROBIN HOOD NET INC", "city": "PATCHOGUE", "state": "NY", "zip": "11772-4066", "ntee": "B12", "ruling": "201404", "deductibility": "1", "assets": 0, "income": 0, "revenue": 0}, {"ein": "333797247", "name": "HEROES FROM THE HOOD INC", "city": "BROOKLYN", "state": "NY", "zip": "11217-2111", "ntee": "O50", "ruling": "202505", "deductibility": "1", "assets": 0, "income": 0, "revenue": 0}, {"ein": "454767805", "name": "PROSPERITY IN THE HOOD INC", "city": "BROOKLYN", "state": "NY", "zip": "11233-3034", "ntee": "O50", "ruling": "201906", "deductibility": "1", "assets": 0, "income": 0, "revenue": 0}, {"ein": "461091203", "name": "FATHERS ALIVE IN THE HOOD INC", "city": "JAMAICA", "state": "NY", "zip": "11434-1234", "ntee": "P40", "ruling": "201303", "deductibility": "1", "assets": 996, "income": 102316, "revenue": 102316}, {"ein": "465640085", "name": "QUEENS ROYAL PRIEST HOOD INC", "city": "FAR ROCKAWAY", "state": "NY", "zip": "11690-1454", "ntee": "P20", "ruling": "201805", "deductibility": "1", "assets": 0, "income": 223958, "revenue": 223958}, {"ein": "814603356", "name": "HOOD EDUCATORS INC", "city": "SAINT ALBANS", "state": "NY", "zip": "11412-3624", "ntee": "B80", "ruling": "202104", "deductibility": "1", "assets": 637, "income": 7317, "revenue": 0}, {"ein": "833687671", "name": "FOR THE GREATER HOOD INC", "city": "NEW YORK", "state": "NY", "zip": "10013-1006", "ntee": "P20", "ruling": "201911", "deductibility": "1", "assets": 1, "income": 0, "revenue": 0}, {"ein": "843764945", "name": "EMPOWER MY HOOD INC", "city": "CAMBRIA HTS", "state": "NY", "zip": "11411-0719", "ntee": "B80", "ruling": "202004", "deductibility": "1", "assets": 367, "income": 54534, "revenue": 54534}, {"ein": "853545377", "name": "GREATER HOOD COMMUNITY DEVELOPMENT CORPORATION", "city": "NEW YORK", "state": "NY", "zip": "10039-3802", "ntee": "P20", "ruling": "202104", "deductibility": "1", "assets": 12536, "income": 97581, "revenue": 97581}, {"ein": "853587694", "name": "HOOD CODE INC", "city": "NEW YORK", "state": "NY", "zip": "10028-2136", "ntee": "B99", "ruling": "202103", "deductibility": "1", "assets": 196117, "income": 283382, "revenue": 283382}, {"ein": "873691702", "name": "BLACK STUDIES FOR THE HOOD INC", "city": "NEW YORK", "state": "NY", "zip": "10027-4444", "ntee": "P20", "ruling": "202202", "deductibility": "1", "assets": 0, "income": 0, "revenue": 0}, {"ein": "921324813", "name": "HOOD WORKS INC", "city": "JAMAICA", "state": "NY", "zip": "11433-1927", "ntee": "N31", "ruling": "202306", "deductibility": "1", "assets": 0, "income": 0, "revenue": 0}, {"ein": "922490518", "name": "HOOD HEALTH FOUNDATION INC", "city": "BRONX", "state": "NY", "zip": "10473-1603", "ntee": "B90", "ruling": "202303", "deductibility": "1", "assets": 0, "income": 0, "revenue": 0}], "LELAND": [{"ein": "133520980", "name": "LELAND L SILLIMAN EDUCATION FUND", "city": "PURCHASE", "state": "NY", "zip": "10577-0088", "ntee": "", "ruling": "199409", "deductibility": "1", "assets": 0, "income": 0, "revenue": 0}, {"ein": "137160165", "name": "LELAND DEANE FOUNDATION", "city": "LLOYD HARBOR", "state": "NY", "zip": "11743-1724", "ntee": "T20", "ruling": "199910", "deductibility": "1", "assets": 735381, "income": 197804, "revenue": 0}, {"ein": "166525515", "name": "H LELAND WEBB TR", "city": "NORWICH", "state": "NY", "zip": "13815-0000", "ntee": "T21", "ruling": "200802", "deductibility": "1", "assets": 172553, "income": 11093, "revenue": 0}], "WARBURG": [{"ein": "133541289", "name": "THE AMERICAN FRIENDS OF THE WARBURG INSTITUTE INC", "city": "NEW YORK", "state": "NY", "zip": "10020-1702", "ntee": "T30", "ruling": "199106", "deductibility": "1", "assets": 428093, "income": 178709, "revenue": 13479}, {"ein": "134148834", "name": "WARBURG PINCUS FOUNDATION", "city": "NEW YORK", "state": "NY", "zip": "10017-3914", "ntee": "T22", "ruling": "200102", "deductibility": "1", "assets": 113027, "income": 5839210, "revenue": 0}], "YAHWEH": [{"ein": "133651733", "name": "EVANGELICAL CHURCH OF YAHWEH INC N Y U S A", "city": "BRONX", "state": "NY", "zip": "10473-4520", "ntee": "", "ruling": "199308", "deductibility": "1", "assets": 0, "income": 0, "revenue": 0}, {"ein": "133852124", "name": "BETH-EL THE HOUSE OF YAHWEH INC", "city": "BRONX", "state": "NY", "zip": "10456-4307", "ntee": "X20", "ruling": "199812", "deductibility": "1", "assets": 0, "income": 0, "revenue": 0}, {"ein": "472923237", "name": "EXUMA YAHWEH CLOSET INC", "city": "BROOKLYN", "state": "NY", "zip": "11203-3309", "ntee": "P99", "ruling": "201812", "deductibility": "1", "assets": 0, "income": 0, "revenue": 0}, {"ein": "562393219", "name": "WORLD OF LIFE TABERNACLE OF YAHWEH INC", "city": "YONKERS", "state": "NY", "zip": "10705-1639", "ntee": "X20", "ruling": "200406", "deductibility": "1", "assets": 0, "income": 0, "revenue": 0}, {"ein": "921705411", "name": "YAHWEH DWELLS GLOBAL", "city": "JAMAICA", "state": "NY", "zip": "11432-2774", "ntee": "P83", "ruling": "202301", "deductibility": "1", "assets": 0, "income": 0, "revenue": 0}, {"ein": "991738434", "name": "YAHWEH QUALITY CARE SERVICES INC", "city": "JAMAICA", "state": "NY", "zip": "11433-4129", "ntee": "L80", "ruling": "202404", "deductibility": "1", "assets": 0, "income": 0, "revenue": 0}], "CHAPTERS": [{"ein": "133759771", "name": "NEW YORK STATE COUNCIL OF NECA CHAPTERS", "city": "LIVERPOOL", "state": "NY", "zip": "13088-5301", "ntee": "", "ruling": "199502", "deductibility": "2", "assets": 82671, "income": 41800, "revenue": 41800}, {"ein": "223208695", "name": "NEW YORK STATE COUNCIL OF CHAPTERS THE RETIRED OFFICERS ASSOC INC", "city": "CHEEKTOWAGA", "state": "NY", "zip": "14225-3605", "ntee": "", "ruling": "199302", "deductibility": "2", "assets": 0, "income": 0, "revenue": 0}, {"ein": "237269674", "name": "NEW YORK STATE FEDERATION OF CHAPTERS OF THE COUNCIL FOR EXCEPT", "city": "CLIFTON PARK", "state": "NY", "zip": "12065-5915", "ntee": "", "ruling": "197303", "deductibility": "1", "assets": 186109, "income": 6453, "revenue": 6453}, {"ein": "331450765", "name": "FUTURE FARMERS OF AMERICA STATE ASSOCIATIONS AND LOCAL CHAPTERS", "city": "CATO", "state": "NY", "zip": "13033-9742", "ntee": "", "ruling": "194501", "deductibility": "1", "assets": 0, "income": 0, "revenue": 0}, {"ein": "476038866", "name": "UNITED CHAPTERS OF ALPHA KAPPA DELTA", "city": "SYRACUSE", "state": "NY", "zip": "13206-2825", "ntee": "", "ruling": "196601", "deductibility": "1", "assets": 1381996, "income": 414244, "revenue": 356256}, {"ein": "831463109", "name": "FUTURE FARMERS OF AMERICA STATE ASSOCIATIONS & LOCAL CHAPTERS", "city": "PHILADELPHIA", "state": "NY", "zip": "13673-0000", "ntee": "", "ruling": "194501", "deductibility": "1", "assets": 0, "income": 0, "revenue": 0}, {"ein": "832789540", "name": "FUTURE FARMERS OF AMERICA STATE ASSOCIATIONS & LOCAL CHAPTERS", "city": "RICHFLD SPGS", "state": "NY", "zip": "13439-2816", "ntee": "", "ruling": "194501", "deductibility": "1", "assets": 0, "income": 0, "revenue": 0}, {"ein": "843023115", "name": "FUTURE FARMERS OF AMERICA STATE ASSOCIATIONS & LOCAL CHAPTERS", "city": "OAKFIELD", "state": "NY", "zip": "14125-1111", "ntee": "", "ruling": "194501", "deductibility": "1", "assets": 0, "income": 0, "revenue": 0}, {"ein": "993956648", "name": "CHAPTERS COMMUNITY NETWORK INC", "city": "LEVITTOWN", "state": "NY", "zip": "11756-1551", "ntee": "A26", "ruling": "202408", "deductibility": "1", "assets": 0, "income": 0, "revenue": 0}], "INTERSTITIAL": [{"ein": "133967301", "name": "FISHBEIN FAMILY INTERSTITIAL CYSTITIS RESEARCH FOUNDATION", "city": "NEW YORK", "state": "NY", "zip": "10022-6131", "ntee": "T20Z", "ruling": "199711", "deductibility": "1", "assets": 18191, "income": 1, "revenue": 0}], "SILVERA": [{"ein": "133969270", "name": "SILVERA FOUNDATION", "city": "NEW YORK", "state": "NY", "zip": "10065-4400", "ntee": "T20J", "ruling": "199804", "deductibility": "1", "assets": 2102489, "income": 329478, "revenue": 0}], "FIMF": [{"ein": "134072661", "name": "FIMF INC", "city": "NEW YORK", "state": "NY", "zip": "10022-6131", "ntee": "T20", "ruling": "200002", "deductibility": "1", "assets": 27045113, "income": 1001928, "revenue": 0}], "ALSTEAD": [{"ein": "136053146", "name": "ALSTEAD TOWN OF GEN 1", "city": "BUFFALO", "state": "NY", "zip": "14240-1504", "ntee": "", "ruling": "201906", "deductibility": "0", "assets": 669438, "income": 109877, "revenue": 36074}, {"ein": "136074605", "name": "ALSTEAD HIGH SCHOOL ALSTEAD NH", "city": "BUFFALO", "state": "NY", "zip": "14240-1504", "ntee": "", "ruling": "201905", "deductibility": "1", "assets": 599762, "income": 114296, "revenue": 35361}, {"ein": "136074606", "name": "ALSTEAD TOWN OF CHURCHES", "city": "BUFFALO", "state": "NY", "zip": "14240-1504", "ntee": "", "ruling": "201905", "deductibility": "0", "assets": 260126, "income": 31588, "revenue": 22794}, {"ein": "136074607", "name": "ALSTEAD GEN 3", "city": "BUFFALO", "state": "NY", "zip": "14240-1504", "ntee": "", "ruling": "201905", "deductibility": "0", "assets": 581268, "income": 81810, "revenue": 33641}, {"ein": "136074608", "name": "ALSTEAD TOWN OF GEN 2", "city": "BUFFALO", "state": "NY", "zip": "14240-1504", "ntee": "", "ruling": "201906", "deductibility": "0", "assets": 980489, "income": 109844, "revenue": 59882}, {"ein": "136074609", "name": "ALSTEAD TOWN VILAS POOL", "city": "BUFFALO", "state": "NY", "zip": "14240-1504", "ntee": "T90", "ruling": "201906", "deductibility": "1", "assets": 569562, "income": 103273, "revenue": 33959}], "SUCC": [{"ein": "136056901", "name": "SUCC TR LYONS COMMUNITY CENTER INC UA 052956 AC201665", "city": "NEW YORK", "state": "NY", "zip": "10013-2362", "ntee": "", "ruling": "198209", "deductibility": "0", "assets": 193933, "income": 57490, "revenue": 0}], "ROERICH": [{"ein": "136161674", "name": "NICHOLAS ROERICH MUSEUM", "city": "NEW YORK", "state": "NY", "zip": "10025-2715", "ntee": "", "ruling": "199404", "deductibility": "1", "assets": 11821139, "income": 4463787, "revenue": 0}], "WOLOZIN": [{"ein": "136222762", "name": "YESHIVA WOLOZIN BNEI BRAK ISRAEL INC", "city": "BROOKLYN", "state": "NY", "zip": "11229-2085", "ntee": "X11", "ruling": "201403", "deductibility": "1", "assets": 24950, "income": 987602, "revenue": 987602}], "BORST": [{"ein": "136565877", "name": "HENRY V BORST FBO ANIMAL MEDICAL CENTER", "city": "NORWICH", "state": "NY", "zip": "13815-1646", "ntee": "T22", "ruling": "202504", "deductibility": "1", "assets": 412218, "income": 41098, "revenue": 0}, {"ein": "136591416", "name": "ROMER C BORST TR UW FBO PEARL RIVER HIGH SCHOOL SCHOLARSHIP FUND 2", "city": "NORWICH", "state": "NY", "zip": "13815-0000", "ntee": "", "ruling": "000000", "deductibility": "0", "assets": 24430, "income": 3433, "revenue": 0}, {"ein": "136591417", "name": "TRUST UW ROMER C BORST FBO NANUET HIGH SCHOOL SCHOLARSHIP FUND", "city": "NORWICH", "state": "NY", "zip": "13815-0000", "ntee": "", "ruling": "000000", "deductibility": "0", "assets": 106882, "income": 5573, "revenue": 0}, {"ein": "136591418", "name": "ROMER C BORST UW FBO REGAL RIVER HIGH SCHOOL 1", "city": "NORWICH", "state": "NY", "zip": "13815-0000", "ntee": "", "ruling": "190012", "deductibility": "0", "assets": 141695, "income": 12385, "revenue": 0}], "MARSHA": [{"ein": "137086089", "name": "MARSHA JANE SHAINWALD FUND FOR SOCIAL JUSTICE", "city": "NEW YORK", "state": "NY", "zip": "10023-7712", "ntee": "", "ruling": "199702", "deductibility": "1", "assets": 368685, "income": 34992, "revenue": 0}], "WONDERLAND": [{"ein": "141387862", "name": "WONDERLAND COOP NURSERY SCHOOL", "city": "SCHENECTADY", "state": "NY", "zip": "12306-4211", "ntee": "B21", "ruling": "201709", "deductibility": "1", "assets": 23306, "income": 129359, "revenue": 129009}, {"ein": "852780273", "name": "WONDERLAND TAILS RESCUE INC", "city": "CALVERTON", "state": "NY", "zip": "11933-0180", "ntee": "D20", "ruling": "202011", "deductibility": "1", "assets": 0, "income": 0, "revenue": 0}], "RAPE": [{"ein": "141644567", "name": "DOMESTIC VIOLENCE & RAPE CRISIS SERVIES OF SARATOGA COUNTY", "city": "MALTA", "state": "NY", "zip": "12020-0000", "ntee": "P43Z", "ruling": "199402", "deductibility": "1", "assets": 5983021, "income": 1984786, "revenue": 1962322}, {"ein": "833432849", "name": "FOUNDATION FOR THE STUDY OF MALE RAPE AND SEXUAL ASSAULT INC", "city": "HAMILTON", "state": "NY", "zip": "13346-0000", "ntee": "B01", "ruling": "201905", "deductibility": "1", "assets": 0, "income": 0, "revenue": 0}], "CALLFIREMEN": [{"ein": "141654861", "name": "MALONE CALLFIREMEN INC", "city": "MALONE", "state": "NY", "zip": "12953-0412", "ntee": "", "ruling": "198508", "deductibility": "1", "assets": 3840679, "income": 571591, "revenue": 571591}], "SHELTERS": [{"ein": "141758441", "name": "SHELTERS OF SARATOGA INC", "city": "SARATOGA SPGS", "state": "NY", "zip": "12866-3010", "ntee": "L99Z", "ruling": "199402", "deductibility": "1", "assets": 4380294, "income": 2369273, "revenue": 2217187}, {"ein": "275470953", "name": "HELPERS 4 SHELTERS A NON-PROFIT CORPORATION", "city": "MIDDLETOWN", "state": "NY", "zip": "10940-5225", "ntee": "D20", "ruling": "201305", "deductibility": "1", "assets": 0, "income": 0, "revenue": 0}, {"ein": "475203682", "name": "COMMUNITY HOUSING INITIATIVES & PROGRAMMATIC ALTERNATIVE SHELTERS", "city": "NEW YORK", "state": "NY", "zip": "10010-6033", "ntee": "L41", "ruling": "201607", "deductibility": "2", "assets": 0, "income": 0, "revenue": 0}, {"ein": "800458866", "name": "ST FRANCIS FOOD PANTRIES AND SHELTERS INC", "city": "NEW YORK", "state": "NY", "zip": "10123-0601", "ntee": "K31", "ruling": "201006", "deductibility": "1", "assets": 174411, "income": 2389128, "revenue": 1523021}, {"ein": "844127228", "name": "STEP BY STEP SHELTERS INC", "city": "QUEENS VLG", "state": "NY", "zip": "11427-2731", "ntee": "P85", "ruling": "202001", "deductibility": "1", "assets": 0, "income": 0, "revenue": 0}, {"ein": "923339573", "name": "SOCKS FOR SHELTERS INC", "city": "NEW YORK", "state": "NY", "zip": "10065-7522", "ntee": "P85", "ruling": "202307", "deductibility": "1", "assets": 0, "income": 0, "revenue": 0}], "FRATERNTIY": [{"ein": "150532652", "name": "PHI KAPPA PSI FRATERNTIY", "city": "SYRACUSE", "state": "NY", "zip": "13217-6501", "ntee": "", "ruling": "194101", "deductibility": "2", "assets": 689344, "income": 129985, "revenue": 129985}], "GRANGER": [{"ein": "160758505", "name": "GRANGER HOMESTEAD SOCIETY INC", "city": "CANANDAIGUA", "state": "NY", "zip": "14424-1228", "ntee": "A800", "ruling": "194907", "deductibility": "1", "assets": 7173960, "income": 1554208, "revenue": 281740}], "CHURCHC": [{"ein": "161102929", "name": "NEW FAITH MISSIONARY BAPTIST CHURCHC/O REV E FORBES", "city": "ROCHESTER", "state": "NY", "zip": "14605-2456", "ntee": "", "ruling": "198011", "deductibility": "1", "assets": 0, "income": 0, "revenue": 0}], "CARBONE": [{"ein": "161475079", "name": "JOSEPH AND INEZ E CARBONE FOUNDATION TR", "city": "UTICA", "state": "NY", "zip": "13501-3813", "ntee": "T99Z", "ruling": "199503", "deductibility": "1", "assets": 1735850, "income": 529730, "revenue": 0}, {"ein": "301128606", "name": "THE DARLENE CARBONE BRAIN TUMOR FOUNDATION INC", "city": "FORT SALONGA", "state": "NY", "zip": "11768-2617", "ntee": "G48", "ruling": "201907", "deductibility": "1", "assets": 0, "income": 0, "revenue": 0}, {"ein": "462559459", "name": "MARK E CARBONE EDUCATION FOUNDATION INC", "city": "NEW YORK", "state": "NY", "zip": "10016-7944", "ntee": "Z99", "ruling": "201406", "deductibility": "1", "assets": 354, "income": 1402102, "revenue": 0}, {"ein": "991447481", "name": "CARBONE FAMILY FOUNDATION", "city": "WHITE PLAINS", "state": "NY", "zip": "10604-3535", "ntee": "T22", "ruling": "202506", "deductibility": "1", "assets": 0, "income": 0, "revenue": 0}], "TAINOS": [{"ein": "161497340", "name": "LA CASA DEL TAINOS HOUSING DEVELOPMENT FUND COMPANY INC", "city": "BUFFALO", "state": "NY", "zip": "14203-1711", "ntee": "", "ruling": "194603", "deductibility": "0", "assets": 1670278, "income": 396925, "revenue": 396925}, {"ein": "223256832", "name": "LOS TAINOS SENIOR CITIZENS CENTER INC", "city": "BUFFALO", "state": "NY", "zip": "14201-1869", "ntee": "P81", "ruling": "199401", "deductibility": "1", "assets": 0, "income": 0, "revenue": 0}], "PALLIATIV": [{"ein": "161565835", "name": "CATSKILL AREA HOSPICE AND PALLIATIV E CARE FOUNDATION INC", "city": "ONEONTA", "state": "NY", "zip": "13820-2268", "ntee": "E11", "ruling": "199908", "deductibility": "1", "assets": 1754028, "income": 217317, "revenue": 217317}], "INAUGURAL": [{"ein": "166094785", "name": "THEODORE ROOSEVELT INAUGURAL SITE FOUNDATION", "city": "BUFFALO", "state": "NY", "zip": "14202-1001", "ntee": "", "ruling": "196805", "deductibility": "1", "assets": 1494680, "income": 744609, "revenue": 711939}], "RVOC": [{"ein": "166490063", "name": "ELINOR M CUVELIER RVOC LIVING TR AND FAMILY FOUNDATION", "city": "SODUS", "state": "NY", "zip": "14551-0188", "ntee": "T20", "ruling": "200901", "deductibility": "1", "assets": 2049377, "income": 584112, "revenue": 0}, {"ein": "996529055", "name": "MARTIN TREPEL PRIVATE FOUNDATION C-U MARTIN TREPEL RVOC TR", "city": "BROOKLYN", "state": "NY", "zip": "11217-1207", "ntee": "T12", "ruling": "202503", "deductibility": "1", "assets": 0, "income": 0, "revenue": 0}], "BILGREY": [{"ein": "166532975", "name": "LOTTE AND FELIX BILGREY MEMORIAL FOUNDATION TR UTA 05242000", "city": "LARCHMONT", "state": "NY", "zip": "10538-0197", "ntee": "T21", "ruling": "200210", "deductibility": "1", "assets": 1815857, "income": 65210, "revenue": 0}], "NUDELMAN": [{"ein": "166544776", "name": "JACK NUDELMAN QTIP TR U-W FBO EUNICE", "city": "NEW YORK", "state": "NY", "zip": "10001-2189", "ntee": "T22", "ruling": "202309", "deductibility": "1", "assets": 1891537, "income": 1253876, "revenue": 0}], "SOUTHWOOD": [{"ein": "200290028", "name": "SOUTHWOOD VOLUNTEER FIRE DEPARTMENT INC", "city": "JAMESVILLE", "state": "NY", "zip": "13078-9536", "ntee": "M24", "ruling": "200407", "deductibility": "1", "assets": 1685036, "income": 638965, "revenue": 638965}], "SUNDOULOS": [{"ein": "201149258", "name": "SUNDOULOS INC", "city": "LANCASTER", "state": "NY", "zip": "14086-1440", "ntee": "P20", "ruling": "200512", "deductibility": "1", "assets": 5209, "income": 64366, "revenue": 58856}], "DSLONIM": [{"ein": "201540119", "name": "CONG BEEAR AVROHOM DSLONIM", "city": "MONSEY", "state": "NY", "zip": "10952-2724", "ntee": "X30", "ruling": "200511", "deductibility": "1", "assets": 0, "income": 0, "revenue": 0}], "EXPOSED": [{"ein": "208684640", "name": "ENEMY EXPOSED MINISTRY INC", "city": "ROCHESTER", "state": "NY", "zip": "14624-4642", "ntee": "X21", "ruling": "200808", "deductibility": "1", "assets": 0, "income": 0, "revenue": 0}], "AUGUSTIN": [{"ein": "223050995", "name": "AUGUSTIN PUCO OLIVENCIA COMMUNITY CENTER INC", "city": "BUFFALO", "state": "NY", "zip": "14204-2051", "ntee": "", "ruling": "199206", "deductibility": "2", "assets": 0, "income": 0, "revenue": 0}], "COLLECTIVEL": [{"ein": "223173078", "name": "CENTRAL HUDSON GAS ELECTRIC CORP HEALTH BENEFITS TR FOR COLLECTIVEL", "city": "POUGHKEEPSIE", "state": "NY", "zip": "12601-4838", "ntee": "", "ruling": "199311", "deductibility": "0", "assets": 130190636, "income": 47341719, "revenue": 36444323}], "CHAMPAGNAT": [{"ein": "223202332", "name": "THE MARIST BROTHERS CHAMPAGNAT HALL COMMUNITY", "city": "BRONX", "state": "NY", "zip": "10466-1928", "ntee": "", "ruling": "194603", "deductibility": "1", "assets": 0, "income": 0, "revenue": 0}], "FEIGLER": [{"ein": "236767052", "name": "ERVIN D FEIGLER T A", "city": "BUFFALO", "state": "NY", "zip": "14240-1504", "ntee": "", "ruling": "198507", "deductibility": "1", "assets": 1207990, "income": 338208, "revenue": 0}], "SCRIBE": [{"ein": "237267253", "name": "NORTH SCRIBE BAPTIST CHURCH", "city": "OSWEGO", "state": "NY", "zip": "13126-0000", "ntee": "", "ruling": "197402", "deductibility": "1", "assets": 0, "income": 0, "revenue": 0}], "YEAGLEY": [{"ein": "256787119", "name": "ESTHER T YEAGLEY T W SPCA 78198", "city": "AMHERST", "state": "NY", "zip": "14228-2307", "ntee": "T20", "ruling": "200210", "deductibility": "1", "assets": 465020, "income": 119334, "revenue": 0}], "MITTAFOUNDATION": [{"ein": "260302437", "name": "SWATANTRA AND SRINIVAS MITTAFOUNDATION INC", "city": "REXFORD", "state": "NY", "zip": "12148-1341", "ntee": "T20", "ruling": "200712", "deductibility": "1", "assets": 1101370, "income": 150968, "revenue": 0}], "GOWANUS": [{"ein": "260681729", "name": "GOWANUS CANAL CONSERVANCY INC", "city": "BROOKLYN", "state": "NY", "zip": "11215-2704", "ntee": "C32", "ruling": "200811", "deductibility": "1", "assets": 525472, "income": 1480451, "revenue": 1440866}, {"ein": "320039318", "name": "GOWANUS DREDGERS", "city": "BROOKLYN", "state": "NY", "zip": "11202-4403", "ntee": "M40", "ruling": "200303", "deductibility": "1", "assets": 35265, "income": 59987, "revenue": 59987}, {"ein": "452344082", "name": "GOWANUS ALLIANCE BOARD OF TRADE INC", "city": "BROOKLYN", "state": "NY", "zip": "11215-4603", "ntee": "S31", "ruling": "201207", "deductibility": "1", "assets": 0, "income": 0, "revenue": 0}, {"ein": "452636506", "name": "GOWANUS URBAN DESIGN COMMUNITY ADVOCACY", "city": "BROOKLYN", "state": "NY", "zip": "11231-4905", "ntee": "C50", "ruling": "201202", "deductibility": "1", "assets": 0, "income": 0, "revenue": 0}, {"ein": "562591031", "name": "GOWANUS IN UNITY TUTORING INC", "city": "BROOKLYN", "state": "NY", "zip": "11217-2212", "ntee": "B82", "ruling": "200706", "deductibility": "1", "assets": 0, "income": 0, "revenue": 0}, {"ein": "753192120", "name": "ARTS GOWANUS INC", "city": "BROOKLYN", "state": "NY", "zip": "11215-1074", "ntee": "A25", "ruling": "200709", "deductibility": "1", "assets": 291090, "income": 508157, "revenue": 500192}, {"ein": "800558407", "name": "FRIENDS & RESIDENTS OF THE GREATER GOWANUS", "city": "BROOKLYN", "state": "NY", "zip": "11202-5521", "ntee": "C20", "ruling": "201102", "deductibility": "1", "assets": 0, "income": 0, "revenue": 0}, {"ein": "870891060", "name": "CHABAD GOWANUS INC", "city": "BROOKLYN", "state": "NY", "zip": "11231-3934", "ntee": "X30", "ruling": "202304", "deductibility": "1", "assets": 0, "income": 0, "revenue": 0}], "TORAHANYTIMECOM": [{"ein": "261888879", "name": "TORAHANYTIMECOM INC", "city": "FLUSHING", "state": "NY", "zip": "11367-1710", "ntee": "X30", "ruling": "200812", "deductibility": "1", "assets": 3280436, "income": 2493276, "revenue": 2493276}], "LCHOSON": [{"ein": "261995974", "name": "MACHON LCHOSON MISHPAT INC", "city": "BROOKLYN", "state": "NY", "zip": "11210-4744", "ntee": "X30", "ruling": "201005", "deductibility": "1", "assets": 84415, "income": 785303, "revenue": 785303}], "PROTEUS": [{"ein": "262511007", "name": "PROTEUS NY INC", "city": "NEW YORK", "state": "NY", "zip": "10014-7906", "ntee": "A31", "ruling": "200903", "deductibility": "1", "assets": 39894, "income": 5, "revenue": 5}], "ENTRY": [{"ein": "263208259", "name": "WESTERN NEW YORK PRISONER RE-ENTRY COALITION INC", "city": "BUFFALO", "state": "NY", "zip": "14206-1540", "ntee": "I40", "ruling": "200906", "deductibility": "1", "assets": 0, "income": 0, "revenue": 0}, {"ein": "465463995", "name": "RE-ENTRY ROCKS", "city": "BROOKLYN", "state": "NY", "zip": "11201-8356", "ntee": "P20", "ruling": "201506", "deductibility": "1", "assets": 20407, "income": 102618, "revenue": 102618}, {"ein": "842700602", "name": "BREATHONE TRANSITIONAL AND RE-ENTRY SERVICES", "city": "ALBION", "state": "NY", "zip": "14411-9748", "ntee": "I40", "ruling": "201911", "deductibility": "1", "assets": 0, "income": 0, "revenue": 0}, {"ein": "934255915", "name": "RE-ENTRY THEATRE UNITED INC", "city": "LONG ISLAND CITY", "state": "NY", "zip": "11101-0000", "ntee": "B60", "ruling": "202405", "deductibility": "1", "assets": 0, "income": 0, "revenue": 0}], "INNERVISION": [{"ein": "263251674", "name": "INNERVISION THEATRE ARTS CENTER INC", "city": "JAMAICA", "state": "NY", "zip": "11434-1335", "ntee": "A65", "ruling": "201008", "deductibility": "1", "assets": 51028, "income": 234197, "revenue": 216945}], "YESUCAN": [{"ein": "264363025", "name": "YESUCAN COMMUNITY AND ECONOMIC DEVELOPMENT CORPORATION INC", "city": "BROOKLYN", "state": "NY", "zip": "11216-3702", "ntee": "P20", "ruling": "200907", "deductibility": "1", "assets": 0, "income": 0, "revenue": 0}], "ULU": [{"ein": "264605528", "name": "KALU ULU MEMORIAL FOUNDATION", "city": "CENTRAL ISLIP", "state": "NY", "zip": "11722-4158", "ntee": "E70", "ruling": "200905", "deductibility": "1", "assets": 425, "income": 49975, "revenue": 49975}], "BAINES": [{"ein": "272855786", "name": "DR ROBERT E BAINES SR YOUTH REPORTING CENTER INC", "city": "BUFFALO", "state": "NY", "zip": "14208-2405", "ntee": "O50", "ruling": "201010", "deductibility": "1", "assets": 0, "income": 0, "revenue": 0}], "LAOTIAN": [{"ein": "273314659", "name": "LAOTIAN AMERICAN SCHOLARSHIP FOUNDATION INC", "city": "ROCHESTER", "state": "NY", "zip": "14603-0705", "ntee": "B82", "ruling": "201210", "deductibility": "1", "assets": 0, "income": 0, "revenue": 0}], "KAIRO": [{"ein": "273805583", "name": "COMUNIDAD EVANGELICA EL KAIRO", "city": "BROOKLYN", "state": "NY", "zip": "11226-2758", "ntee": "", "ruling": "196408", "deductibility": "1", "assets": 0, "income": 0, "revenue": 0}], "ADELMAN": [{"ein": "274131942", "name": "PRESS ADELMAN FAMILY FOUNDATION", "city": "NEW YORK", "state": "NY", "zip": "10020-1300", "ntee": "T20", "ruling": "201208", "deductibility": "1", "assets": 230300, "income": 36593, "revenue": 0}, {"ein": "276376618", "name": "HERBERT ADELMAN FOUNDATION", "city": "NEW YORK", "state": "NY", "zip": "10020-1300", "ntee": "F127", "ruling": "201005", "deductibility": "1", "assets": 480359, "income": 256480, "revenue": 0}], "CHEUNG": [{"ein": "274188208", "name": "CHEUNG KONG GRADUATE SCHOOL OF BUSINESS NORTH AMERICA INC", "city": "NEW YORK", "state": "NY", "zip": "10169-0302", "ntee": "B40", "ruling": "201406", "deductibility": "1", "assets": 387288, "income": 541210, "revenue": 541210}, {"ein": "384012700", "name": "STEPHEN HON CHEUNG SHEK FOUNDATION FOR US-CHINA CULTURE & HISTORY PR", "city": "FLUSHING", "state": "NY", "zip": "11354-5482", "ntee": "A20", "ruling": "201609", "deductibility": "1", "assets": 0, "income": 0, "revenue": 0}], "CHURH": [{"ein": "274528481", "name": "FAITH REVIVAL SPIRITUAL BAPTIST CHURH INTERNATIONAL INC", "city": "BROOKLYN", "state": "NY", "zip": "11212-4239", "ntee": "X21", "ruling": "201105", "deductibility": "1", "assets": 0, "income": 0, "revenue": 0}, {"ein": "452830445", "name": "JERUSALEM CHURH OF GOD 7TH DAY INC", "city": "STATEN ISLAND", "state": "NY", "zip": "10303-2508", "ntee": "X20", "ruling": "202104", "deductibility": "1", "assets": 0, "income": 0, "revenue": 0}], "THRUWAY": [{"ein": "275446061", "name": "THRUWAY SOCCER LEAGUE INC", "city": "SPENCERPORT", "state": "NY", "zip": "14559-1553", "ntee": "N64", "ruling": "201204", "deductibility": "1", "assets": 233120, "income": 91552, "revenue": 91552}, {"ein": "881908457", "name": "THRUWAY RECOVERY STOP INC", "city": "HERKIMER", "state": "NY", "zip": "13350-2419", "ntee": "X99", "ruling": "202207", "deductibility": "1", "assets": 0, "income": 0, "revenue": 0}], "SINNERS": [{"ein": "300259774", "name": "ASSEMBLY OF GOD OF REPENTANT SINNERS INC", "city": "OTISVILLE", "state": "NY", "zip": "10963-2235", "ntee": "X202", "ruling": "200503", "deductibility": "1", "assets": 0, "income": 0, "revenue": 0}], "SIVAM": [{"ein": "311644840", "name": "SIVAM FOUNDATION", "city": "NEW YORK", "state": "NY", "zip": "10065-0000", "ntee": "B82", "ruling": "199907", "deductibility": "1", "assets": 0, "income": 0, "revenue": 0}], "MIFAEL": [{"ein": "311725890", "name": "MIFAEL CHASUDIM TOVEM", "city": "MONROE", "state": "NY", "zip": "10950-5403", "ntee": "X30", "ruling": "200102", "deductibility": "1", "assets": 0, "income": 0, "revenue": 0}], "ABSTRACT": [{"ein": "320589531", "name": "STATEWIDE ABSTRACT FOUNDATION CORP", "city": "WHITE PLAINS", "state": "NY", "zip": "10601-5321", "ntee": "W12", "ruling": "201909", "deductibility": "1", "assets": 1, "income": 78813, "revenue": 26371}, {"ein": "834201909", "name": "ABSTRACT ROMANTICISM ART FOR A NEW CONSCIOUSNESS-ARANC INC", "city": "NEWBURGH", "state": "NY", "zip": "12550-1409", "ntee": "A99", "ruling": "201907", "deductibility": "1", "assets": 0, "income": 0, "revenue": 0}, {"ein": "844920801", "name": "AMERICAN ABSTRACT ARTISTS", "city": "BREWSTER", "state": "NY", "zip": "10512-0000", "ntee": "A03", "ruling": "202003", "deductibility": "1", "assets": 86174, "income": 12751, "revenue": 12751}], "FUELING": [{"ein": "331551229", "name": "FUELING KINDNESS", "city": "AMITYVILLE", "state": "NY", "zip": "11701-2819", "ntee": "T21", "ruling": "202411", "deductibility": "1", "assets": 0, "income": 0, "revenue": 0}], "JADEN": [{"ein": "332096051", "name": "JADEN CHARITIES INC", "city": "HICKSVILLE", "state": "NY", "zip": "11801-5705", "ntee": "P20", "ruling": "202412", "deductibility": "1", "assets": 0, "income": 0, "revenue": 0}], "COSECHA": [{"ein": "332362251", "name": "LA COSECHA LAW CENTER INC", "city": "HEMPSTEAD", "state": "NY", "zip": "11550-6528", "ntee": "", "ruling": "202412", "deductibility": "0", "assets": 0, "income": 0, "revenue": 0}, {"ein": "862760167", "name": "IGLESIA CRISTIANA BIBLICA LA NUEVA COSECHA INC", "city": "WESTBURY", "state": "NY", "zip": "11590-2548", "ntee": "X20", "ruling": "202203", "deductibility": "1", "assets": 0, "income": 0, "revenue": 0}], "QUEENDOMCOME": [{"ein": "352245367", "name": "QUEENDOMCOME INC", "city": "JAMAICA", "state": "NY", "zip": "11434-1724", "ntee": "P27", "ruling": "200807", "deductibility": "1", "assets": 0, "income": 0, "revenue": 0}], "SPEEDSVILLE": [{"ein": "364556329", "name": "SPEEDSVILLE VOLUNTEER FIRE COMPANY INC", "city": "BERKSHIRE", "state": "NY", "zip": "13736-2000", "ntee": "M24", "ruling": "200406", "deductibility": "1", "assets": 482749, "income": 78665, "revenue": 75778}], "MCLANE": [{"ein": "384089811", "name": "JOHN MCLANE HOSE COMPANY REXFORD FIRE DEPARTMENT", "city": "REXFORD", "state": "NY", "zip": "12148-1137", "ntee": "M24", "ruling": "201911", "deductibility": "1", "assets": 0, "income": 0, "revenue": 0}], "DILIGO": [{"ein": "450898848", "name": "DILIGO EXCELLENTIA INCORPORATED", "city": "BROOKLYN", "state": "NY", "zip": "11236-1204", "ntee": "O50", "ruling": "201202", "deductibility": "1", "assets": 0, "income": 0, "revenue": 0}], "DIO": [{"ein": "452499217", "name": "DIO POU VIV INC AITI20", "city": "BROOKLYN", "state": "NY", "zip": "11230-1975", "ntee": "Q33", "ruling": "201309", "deductibility": "1", "assets": 0, "income": 0, "revenue": 0}], "ZISSON": [{"ein": "453706192", "name": "ZISSON FOUNDATION INC", "city": "NEW YORK", "state": "NY", "zip": "10128-5548", "ntee": "W99", "ruling": "201407", "deductibility": "1", "assets": 3956406, "income": 586939, "revenue": 0}], "MAHARIT": [{"ein": "454099550", "name": "YESHIVAS MAHARIT DSATMAR", "city": "MONROE", "state": "NY", "zip": "10949-8367", "ntee": "X30", "ruling": "201506", "deductibility": "1", "assets": 0, "income": 0, "revenue": 0}, {"ein": "812852157", "name": "CONG KEREN CHASANIM MAHARIT", "city": "MONROE", "state": "NY", "zip": "10950-6117", "ntee": "X30", "ruling": "201708", "deductibility": "1", "assets": 0, "income": 0, "revenue": 0}, {"ein": "871649819", "name": "YESHIVA MESIVTA TORAH VYIRAH MAHARIT DSATMAR", "city": "MONROE", "state": "NY", "zip": "10950-6000", "ntee": "X30", "ruling": "202301", "deductibility": "1", "assets": 0, "income": 0, "revenue": 0}], "DARREL": [{"ein": "456599680", "name": "SUSANNE P BOYD AND DARREL BOYD FOUNDATION FOR ANIMAL WELFARE", "city": "PLEASANT VLY", "state": "NY", "zip": "12569-5609", "ntee": "D30", "ruling": "201305", "deductibility": "1", "assets": 583862, "income": 110673, "revenue": 0}], "UNIFICANDO": [{"ein": "462011553", "name": "IGLESIA UNIFICANDO CORAZONES CONTRICTOS PENTECOSTAL CHURCH", "city": "UTICA", "state": "NY", "zip": "13502-5428", "ntee": "X20", "ruling": "202111", "deductibility": "1", "assets": 122603, "income": 92034, "revenue": 92034}], "SCOAN": [{"ein": "462825441", "name": "SYNAGOGUE CHURCH OF ALL NATIONS SCOAN USA INC", "city": "BROOKLYN", "state": "NY", "zip": "11226-6307", "ntee": "X20", "ruling": "201312", "deductibility": "1", "assets": 0, "income": 0, "revenue": 0}], "THERAPEUT": [{"ein": "463673346", "name": "SANDERS TRI-INSTITUTIONAL THERAPEUT DISCOVERY INSTITUTE INC CO WEILL C", "city": "NEW YORK", "state": "NY", "zip": "10065-4805", "ntee": "H99", "ruling": "202307", "deductibility": "1", "assets": 7953486, "income": 18703204, "revenue": 18703204}], "FRUM": [{"ein": "464241788", "name": "FRUM DIVORCE INC", "city": "BROOKLYN", "state": "NY", "zip": "11219-3011", "ntee": "F60", "ruling": "201408", "deductibility": "1", "assets": 0, "income": 0, "revenue": 0}], "POWRPLNT": [{"ein": "465182094", "name": "POWRPLNT INC", "city": "BROOKLYN", "state": "NY", "zip": "11201-5100", "ntee": "A25", "ruling": "201507", "deductibility": "1", "assets": 91430, "income": 146470, "revenue": 146470}], "HOHA": [{"ein": "465444152", "name": "HELP ONE HELP ALL - HOHA INC", "city": "BROOKLYN", "state": "NY", "zip": "11203-5718", "ntee": "Q33", "ruling": "201410", "deductibility": "1", "assets": 0, "income": 0, "revenue": 0}], "MICROSOCIETY": [{"ein": "471590906", "name": "WILLIAM H BARKLEY MICROSOCIETY MAGNET SCHOOL PTO", "city": "AMSTERDAM", "state": "NY", "zip": "12010-5625", "ntee": "B94", "ruling": "201503", "deductibility": "1", "assets": 0, "income": 0, "revenue": 0}], "XFR": [{"ein": "472650562", "name": "XFR COLLECTIVE INC", "city": "BROOKLYN", "state": "NY", "zip": "11211-7425", "ntee": "A31", "ruling": "201807", "deductibility": "1", "assets": 0, "income": 0, "revenue": 0}], "LECHEIRIS": [{"ein": "473397765", "name": "LECHEIRIS ORGANIZATION INC", "city": "BROOKLYN", "state": "NY", "zip": "11219-2432", "ntee": "R60", "ruling": "201505", "deductibility": "1", "assets": 68691, "income": 196240, "revenue": 196240}], "BSD18": [{"ein": "473813321", "name": "RFB - BSD18 INC", "city": "BROOKLYN", "state": "NY", "zip": "11204-1654", "ntee": "T22", "ruling": "201505", "deductibility": "1", "assets": 87361, "income": 1808, "revenue": 0}], "MASSASAUGA": [{"ein": "510137509", "name": "MASSASAUGA SEARCH & RESCUE TEAM", "city": "ROCHESTER", "state": "NY", "zip": "14624-0751", "ntee": "M23", "ruling": "200009", "deductibility": "1", "assets": 0, "income": 0, "revenue": 0}], "SILLINS": [{"ein": "521756848", "name": "THE ROBERT SILLINS FAMILY FOUNDATION", "city": "CENTERPORT", "state": "NY", "zip": "11721-1162", "ntee": "", "ruling": "199202", "deductibility": "1", "assets": 5651181, "income": 1604551, "revenue": 0}], "SNELSON": [{"ein": "571206039", "name": "SNELSON FAMILY FOUNDATION", "city": "NEW YORK", "state": "NY", "zip": "10011-8502", "ntee": "T20", "ruling": "200501", "deductibility": "1", "assets": 102108, "income": 134, "revenue": 0}], "EHICLE": [{"ein": "611975567", "name": "ASSOCIATION OF MOTOR EHICLE TRAIL ATTORNEYS INC", "city": "WOODMERE", "state": "NY", "zip": "11598-2163", "ntee": "S40", "ruling": "202111", "deductibility": "2", "assets": 28474, "income": 0, "revenue": 0}], "MCBEAN": [{"ein": "736340909", "name": "MCBEAN JAMES TUW FBO CHARITIES", "city": "BUFFALO", "state": "NY", "zip": "14240-1504", "ntee": "T20", "ruling": "200503", "deductibility": "1", "assets": 494896, "income": 154071, "revenue": 0}], "CHICS": [{"ein": "810829949", "name": "IVY LEAGUE CHICS INC", "city": "BROOKLYN", "state": "NY", "zip": "11226-7133", "ntee": "O50", "ruling": "201602", "deductibility": "1", "assets": 0, "income": 0, "revenue": 0}], "EMV": [{"ein": "811154205", "name": "EMV HELPING HAND FOUNDATION INC", "city": "ELMHURST", "state": "NY", "zip": "11373-1935", "ntee": "P12", "ruling": "201612", "deductibility": "1", "assets": 1, "income": 4577, "revenue": 0}], "UPSCULPT": [{"ein": "811658555", "name": "UPSCULPT INC", "city": "GREENPORT", "state": "NY", "zip": "11944-1454", "ntee": "A01", "ruling": "201912", "deductibility": "1", "assets": 8770, "income": 71008, "revenue": 67292}], "EMPEA": [{"ein": "812417875", "name": "EMPEA INSTITUTE", "city": "NEW YORK", "state": "NY", "zip": "10018-3076", "ntee": "Q05", "ruling": "201707", "deductibility": "1", "assets": 0, "income": 0, "revenue": 0}], "RACHAEL": [{"ein": "813236729", "name": "RACHAEL RAY FOUNDATION", "city": "NEW YORK", "state": "NY", "zip": "10001-4527", "ntee": "T20", "ruling": "201712", "deductibility": "1", "assets": 8420412, "income": 15008927, "revenue": 0}, {"ein": "834488819", "name": "RACHAEL WARRIOR FOUNDATION INC", "city": "ORCHARD PARK", "state": "NY", "zip": "14127-0044", "ntee": "P62", "ruling": "201905", "deductibility": "1", "assets": 164334, "income": 58232, "revenue": 51873}], "HANDCRAFTED": [{"ein": "814279374", "name": "HANDCRAFTED SOAP AND COSMETIC GUILD INC", "city": "SARATOGA SPGS", "state": "NY", "zip": "12866-5480", "ntee": "S40", "ruling": "201806", "deductibility": "2", "assets": 199794, "income": 2365562, "revenue": 2360395}], "EQUIP": [{"ein": "822649584", "name": "THE LIFE EQUIP GROUP INC", "city": "BROOKLYN", "state": "NY", "zip": "11207-2175", "ntee": "P99", "ruling": "201909", "deductibility": "1", "assets": 0, "income": 0, "revenue": 0}, {"ein": "871970205", "name": "SERVE EQUIP EXALT DELIVER INC", "city": "ALBANY", "state": "NY", "zip": "12203-5066", "ntee": "P20", "ruling": "202301", "deductibility": "1", "assets": 0, "income": 0, "revenue": 0}], "DHOKPYA": [{"ein": "823000378", "name": "DHOKPYA KIDUK USA INC", "city": "JACKSON HTS", "state": "NY", "zip": "11372-7828", "ntee": "A23", "ruling": "202007", "deductibility": "1", "assets": 0, "income": 0, "revenue": 0}], "KIVREI": [{"ein": "825303101", "name": "CONG BUTEI CHAIM & KIVREI TZADIKIM OF UKRAINE INC", "city": "BROOKLYN", "state": "NY", "zip": "11206-3061", "ntee": "X30", "ruling": "202211", "deductibility": "1", "assets": 42983, "income": 154020, "revenue": 154020}], "MUSIQUARIUM": [{"ein": "830399775", "name": "MUSIQUARIUM INC", "city": "NEW YORK", "state": "NY", "zip": "10013-2230", "ntee": "A68", "ruling": "201303", "deductibility": "1", "assets": 0, "income": 0, "revenue": 0}], "VALENCE": [{"ein": "831640335", "name": "VALENCE COLLEGE PREPARATORY CHARTER SCHOOL", "city": "QUEENS", "state": "NY", "zip": "11374-2259", "ntee": "B29", "ruling": "201909", "deductibility": "1", "assets": 54634319, "income": 12291988, "revenue": 12291988}, {"ein": "853616971", "name": "FRIENDS OF VALENCE PREP INC", "city": "QUEENS", "state": "NY", "zip": "11374-2259", "ntee": "B02", "ruling": "202201", "deductibility": "1", "assets": 46244872, "income": 3430406, "revenue": 3430406}], "URLINGS": [{"ein": "832151221", "name": "URLINGS DEVELOPMENT GROUP INC", "city": "BROOKLYN", "state": "NY", "zip": "11225-6500", "ntee": "O50", "ruling": "201912", "deductibility": "1", "assets": 404, "income": 1180, "revenue": 1180}], "ZAYAS": [{"ein": "832677592", "name": "ZAYAS FOUNDATION", "city": "NEW YORK", "state": "NY", "zip": "10021-9254", "ntee": "T22", "ruling": "201907", "deductibility": "1", "assets": 334267, "income": 428304, "revenue": 0}, {"ein": "923266756", "name": "ZAYAS GIVES", "city": "NEW YORK", "state": "NY", "zip": "10021-4642", "ntee": "T70", "ruling": "202305", "deductibility": "1", "assets": 0, "income": 0, "revenue": 0}], "DC12": [{"ein": "832739994", "name": "HEAVENLY VISION DC12", "city": "MOUNT VERNON", "state": "NY", "zip": "10552-2304", "ntee": "X21", "ruling": "202206", "deductibility": "1", "assets": 0, "income": 0, "revenue": 0}], "JENS": [{"ein": "843492404", "name": "JENS ADOPTABLE CATS INC", "city": "PATCHOGUE", "state": "NY", "zip": "11772-2254", "ntee": "D20", "ruling": "202006", "deductibility": "1", "assets": 1500, "income": 95046, "revenue": 95046}], "HOI": [{"ein": "843823716", "name": "GIAO HOI PHAT GIAO TANG GIA KHAT SI TINH XA NGOC DIEN", "city": "UTICA", "state": "NY", "zip": "13502-2339", "ntee": "X50", "ruling": "202111", "deductibility": "1", "assets": 1, "income": 108716, "revenue": 106080}], "CONTRAST": [{"ein": "843909042", "name": "SHTARK CONTRAST INC", "city": "WOODMERE", "state": "NY", "zip": "11598-1027", "ntee": "A65", "ruling": "202003", "deductibility": "1", "assets": 0, "income": 0, "revenue": 0}], "SEMY": [{"ein": "844784822", "name": "SEMY FOUNDATION INC", "city": "NEW YORK", "state": "NY", "zip": "10003-5213", "ntee": "B99", "ruling": "202202", "deductibility": "1", "assets": 0, "income": 0, "revenue": 0}], "SIRCO": [{"ein": "845055324", "name": "SIRCO FAMILY FOUNDATION INC", "city": "MELROSE", "state": "NY", "zip": "12121-2921", "ntee": "T90", "ruling": "202006", "deductibility": "1", "assets": 2276623, "income": 1816479, "revenue": 0}], "NAPA": [{"ein": "850524763", "name": "NAPA EMPLOYEE ASSISTANCE FUND", "city": "MELVILLE", "state": "NY", "zip": "11747-4300", "ntee": "A12", "ruling": "202005", "deductibility": "1", "assets": 94858, "income": 34813, "revenue": 34813}], "SAINTSPIRO": [{"ein": "851919201", "name": "SAINTSPIRO CAT RESCUE INC", "city": "FRESH MEADOWS", "state": "NY", "zip": "11365-1826", "ntee": "D20", "ruling": "202009", "deductibility": "1", "assets": 0, "income": 0, "revenue": 0}], "HIVE": [{"ein": "852634787", "name": "BRONX BEE HIVE", "city": "NEW YORK", "state": "NY", "zip": "10002-7519", "ntee": "B21", "ruling": "202011", "deductibility": "1", "assets": 0, "income": 0, "revenue": 0}, {"ein": "872438182", "name": "HIVE OF HOPE INC", "city": "ALBANY", "state": "NY", "zip": "12206-2902", "ntee": "F20", "ruling": "202112", "deductibility": "1", "assets": 1, "income": 153671, "revenue": 146185}, {"ein": "881201036", "name": "FAMILY BEE HIVE INC", "city": "NEW YORK", "state": "NY", "zip": "10031-2444", "ntee": "W01", "ruling": "202207", "deductibility": "1", "assets": 0, "income": 0, "revenue": 0}, {"ein": "932517176", "name": "HIVE COLLECTIVE INC", "city": "ELBA", "state": "NY", "zip": "14058-9529", "ntee": "N50", "ruling": "202309", "deductibility": "1", "assets": 0, "income": 0, "revenue": 0}], "CABINESS": [{"ein": "853974718", "name": "CAESAR R CABINESS MINISTRIES INC", "city": "BELLEROSE", "state": "NY", "zip": "11426-1129", "ntee": "X20", "ruling": "202108", "deductibility": "1", "assets": 0, "income": 0, "revenue": 0}], "TELEVHEALTH": [{"ein": "861686445", "name": "TELEVHEALTH ORGANIZATION INC", "city": "SPRING VALLEY", "state": "NY", "zip": "10977-1707", "ntee": "F80", "ruling": "202104", "deductibility": "1", "assets": 0, "income": 0, "revenue": 0}], "NACHMON": [{"ein": "862818759", "name": "CHESED L AVROHOM NACHMON", "city": "MONSEY", "state": "NY", "zip": "10952-2834", "ntee": "X30", "ruling": "202310", "deductibility": "1", "assets": 0, "income": 0, "revenue": 0}], "LLKK": [{"ein": "862896981", "name": "LLKK INC", "city": "BROOKLYN", "state": "NY", "zip": "11218-3302", "ntee": "W99", "ruling": "202306", "deductibility": "1", "assets": 0, "income": 0, "revenue": 0}], "FRIDAYS": [{"ein": "870958803", "name": "PINE BUSH FIRST FRIDAYS INC", "city": "PINE BUSH", "state": "NY", "zip": "12566-0507", "ntee": "A99", "ruling": "202305", "deductibility": "1", "assets": 0, "income": 0, "revenue": 0}], "KADOSH": [{"ein": "871436492", "name": "KADOSH MARIAN MINISTRIES", "city": "DIX HILLS", "state": "NY", "zip": "11746-6715", "ntee": "X99", "ruling": "202202", "deductibility": "1", "assets": 0, "income": 0, "revenue": 0}], "SUNRAY": [{"ein": "873525542", "name": "CONGREGATION SUNRAY", "city": "MONSEY", "state": "NY", "zip": "10952-4029", "ntee": "X30", "ruling": "202206", "deductibility": "1", "assets": 0, "income": 0, "revenue": 0}], "ELLY": [{"ein": "873684123", "name": "ELLY CARES PROJECT INC", "city": "PATCHOGUE", "state": "NY", "zip": "11772-3537", "ntee": "B12", "ruling": "202207", "deductibility": "1", "assets": 0, "income": 0, "revenue": 0}], "BIER": [{"ein": "874179856", "name": "CONGREGATION BIER MAYIM CHAIM INC", "city": "THIELLS", "state": "NY", "zip": "10984-1411", "ntee": "X30", "ruling": "202209", "deductibility": "1", "assets": 0, "income": 0, "revenue": 0}], "DESTINO": [{"ein": "874721836", "name": "UN SALTO CON DESTINO INCORPORATED", "city": "BROOKLYN", "state": "NY", "zip": "11221-4754", "ntee": "A65", "ruling": "202410", "deductibility": "1", "assets": 0, "income": 0, "revenue": 0}], "BRIANNAS": [{"ein": "880846556", "name": "BRIANNAS NOTEBOOK INC", "city": "DIX HILLS", "state": "NY", "zip": "11746-4819", "ntee": "P20", "ruling": "202303", "deductibility": "1", "assets": 0, "income": 0, "revenue": 0}], "SBAR": [{"ein": "880924225", "name": "SBAR FOUNDATION INC", "city": "BROOKLYN", "state": "NY", "zip": "11223-4027", "ntee": "X30", "ruling": "202307", "deductibility": "1", "assets": 100, "income": 9946, "revenue": 0}], "TRAIN2SMILENYC": [{"ein": "881158943", "name": "TRAIN2SMILENYC INC", "city": "NEW YORK", "state": "NY", "zip": "10017-1866", "ntee": "N99", "ruling": "202207", "deductibility": "1", "assets": 0, "income": 0, "revenue": 0}], "ARETZ": [{"ein": "882175488", "name": "LA-ARETZ", "city": "BROOKLYN", "state": "NY", "zip": "11222-7394", "ntee": "P84", "ruling": "202205", "deductibility": "1", "assets": 154794, "income": 892041, "revenue": 892041}], "IHRC": [{"ein": "920491630", "name": "INTERNATIONAL HUMAN RIGHTS COMMISSION FOUNDATION-IHRC INC", "city": "NEW YORK", "state": "NY", "zip": "10035-2751", "ntee": "C01", "ruling": "202507", "deductibility": "1", "assets": 0, "income": 0, "revenue": 0}, {"ein": "991021167", "name": "INTERNATIONAL HUMAN RIGHTS COMMISSION IHRC CORPORATION", "city": "ALBANY", "state": "NY", "zip": "12207-2922", "ntee": "Q70", "ruling": "202409", "deductibility": "1", "assets": 122, "income": 197, "revenue": 197}], "ACCEL": [{"ein": "921538184", "name": "LUNAR ACCEL INC", "city": "LONG IS CITY", "state": "NY", "zip": "11101-4290", "ntee": "W70", "ruling": "202306", "deductibility": "1", "assets": 0, "income": 0, "revenue": 0}], "POLLYLABS": [{"ein": "923614641", "name": "POLLYLABS FOUNDATION", "city": "BROOKLYN", "state": "NY", "zip": "11231-4808", "ntee": "S43", "ruling": "202310", "deductibility": "1", "assets": 50258, "income": 87914, "revenue": 87914}], "WOKEN": [{"ein": "923831429", "name": "WOKEN SYSTEMS INC", "city": "FAR ROCKAWAY", "state": "NY", "zip": "11691-2719", "ntee": "M99", "ruling": "202308", "deductibility": "1", "assets": 0, "income": 0, "revenue": 0}], "TOYAS": [{"ein": "923983262", "name": "CREATING TOYAS VILLAGE", "city": "BROOKLYN", "state": "NY", "zip": "11236-2845", "ntee": "O51", "ruling": "202504", "deductibility": "1", "assets": 0, "income": 0, "revenue": 0}], "BOCAS": [{"ein": "931780519", "name": "CHABAD BOCAS PANAMA INC", "city": "BROOKLYN", "state": "NY", "zip": "11225-4513", "ntee": "X30", "ruling": "202501", "deductibility": "1", "assets": 0, "income": 0, "revenue": 0}], "KRUSADERS": [{"ein": "931853339", "name": "KAYLEES KRUSADERS", "city": "DELEVAN", "state": "NY", "zip": "14042-9652", "ntee": "F12", "ruling": "202506", "deductibility": "1", "assets": 0, "income": 0, "revenue": 0}], "VBP": [{"ein": "934494083", "name": "CONG VBP", "city": "BROOKLYN", "state": "NY", "zip": "11219-0000", "ntee": "X30", "ruling": "202505", "deductibility": "1", "assets": 0, "income": 0, "revenue": 0}], "HOIRUAH": [{"ein": "991240311", "name": "BEIS HOIRUAH LIBERTY", "city": "HURLEYVILLE", "state": "NY", "zip": "12747-5218", "ntee": "X30", "ruling": "202402", "deductibility": "1", "assets": 0, "income": 0, "revenue": 0}], "SPADRES": [{"ein": "992129127", "name": "BALLSTON SPADRES JUNIOR BASEBALL CLUB INC", "city": "CLIFTON PARK", "state": "NY", "zip": "12065-7243", "ntee": "N63", "ruling": "202410", "deductibility": "1", "assets": 0, "income": 0, "revenue": 0}], "NIHILIST": [{"ein": "992443313", "name": "ANTI-NIHILIST FOUNDATION", "city": "NEW YORK", "state": "NY", "zip": "10001-7203", "ntee": "B05", "ruling": "202405", "deductibility": "1", "assets": 0, "income": 0, "revenue": 0}], "GG": [{"ein": "993044273", "name": "GG & POP INSTITUTE INC", "city": "BRONX", "state": "NY", "zip": "10454-2109", "ntee": "A20", "ruling": "202406", "deductibility": "1", "assets": 0, "income": 0, "revenue": 0}], "TZORCHAI": [{"ein": "993148683", "name": "CONGREGATION TZORCHAI HAIR WOODRIDGE", "city": "WOODRIDGE", "state": "NY", "zip": "12789-0363", "ntee": "X30", "ruling": "202407", "deductibility": "1", "assets": 0, "income": 0, "revenue": 0}], "ELECTRON": [{"ein": "994025101", "name": "ADVANCED CENTER FOR ELECTRON SPIN RESONANCE RESEARCH AND TECHNOLOGY", "city": "ITHACA", "state": "NY", "zip": "14850-2531", "ntee": "U50", "ruling": "202408", "deductibility": "1", "assets": 0, "income": 0, "revenue": 0}], "MASTERMIND": [{"ein": "994587961", "name": "PROFOUND MASTERMIND INC", "city": "SKANEATELES", "state": "NY", "zip": "13152-9034", "ntee": "B90", "ruling": "202410", "deductibility": "1", "assets": 0, "income": 0, "revenue": 0}], "MENUCHOS": [{"ein": "995144625", "name": "MEI MENUCHOS SHUL INC", "city": "S FALLSBURG", "state": "NY", "zip": "12779-5501", "ntee": "X30", "ruling": "202505", "deductibility": "1", "assets": 0, "income": 0, "revenue": 0}]}